2810 3529
1289 156 1338 165 -
1366 133 1510 175 XVIII
1544 155 1579 164 -

1857 260 1899 298 in
1927 259 2030 309 pede

1730 313 1849 353 tertio
2022 315 2167 364 quarto

1665 366 1802 406 Pir-D.
1841 366 1891 406 M.
1916 372 1919 374 ’
1942 366 2080 407 Ph.-D.
2120 364 2172 405 Μ.

684 437 722 478 5.
751 438 860 478 exitu
887 437 998 476 vocis
1036 439 1077 475 et
1110 433 1386 485 monosyllabo
1415 437 1456 474 et
1494 433 1650 485 prima

754 491 907 544 syllaba
933 490 1133 552 sequentis
1161 489 1272 529 vocis
1338 489 1412 523 ff:
1477 488 1593 526 ωε*
1588 512 1596 519 -
1705 476 1758 515 10
1861 476 1889 514 4
2005 475 2033 514 9
2150 474 2181 512 7

685 547 722 586 6.
751 550 928 585 extrema
938 545 1049 584 vocis
1059 542 1212 596 syllabo
1241 546 1282 583 et
1310 541 1466 586 duabus
2155 549 2164 559 ·

752 600 903 640 voculis
948 630 956 637 .
1013 630 1022 638 .
1404 621 1479 632 .--
1511 615 1598 630 -v
1701 605 1755 613 -·
1866 585 1886 623 1
2009 584 2029 624 1
2142 583 2168 623 2

688 654 723 695 7.
751 651 1026 705 monosyllabo
1056 656 1096 693 01
1133 628 1348 704 bisyllabo
1362 662 1485 692 voca·
1799 675 1804 706 1

746 709 841 748 bulo
882 738 890 746 .
942 738 951 746 .
1009 738 1017 746 .
1444 727 1485 742 ψ
1514 701 1598 742 ἒξ,
1655 676 1661 773 Ι
1718 694 1745 734 2
1800 707 1805 772 1
1846 715 1899 721 -
2006 693 2032 735 2
2085 670 2091 767 Ι
2150 691 2178 732 4

685 763 723 804 8.
750 762 1026 814 monosyllabo
1049 766 1090 803 01
1111 738 1222 802 initio
1251 764 1362 803 vocis
1401 762 1504 801 ultra

750 818 895 868 pedem
922 817 1144 868 productae
1202 848 1210 856 .
1269 848 1276 856 .
1334 847 1342 856 .
1396 839 1435 853 .-
1469 819 1599 854 275*-
1718 803 1746 843 3
1849 804 1897 843 ll
1992 803 2043 844 12
2136 802 2184 842 ll

687 871 724 912 9.
753 871 911 912 duobus
965 872 1250 923 monosyllabis
1279 875 1319 912 et
1353 871 1480 922 prima
1507 871 1586 922 syl-

743 927 837 966 laba
864 927 1050 966 vocabuli
1077 927 1355 977 subsequentis
1406 948 1447 961 ψ
1476 947 1516 962 t..
1530 949 1596 958 --.
1704 936 1756 941 -
1847 935 1900 941 —
1990 935 2043 941 -
2133 934 2188 941 ·-

666 981 727 1021 10.
757 981 885 1021 tribus
912 980 1198 1032 monosyllabis
1267 1012 1275 1020 .
1334 1012 1341 1019 .
1475 998 1598 1014 ..x-av
1704 991 1757 996 —
1849 990 1903 996 -
2004 969 2024 1007 1
2132 989 2187 996 -—-

1654 1042 1661 1168 ἱ
1701 1086 1755 1126 38
1798 1046 1804 1169 1
1845 1088 1900 1126 44
1939 1045 1948 1170 Ι
1989 1086 2043 1126 85
2131 1086 2187 1126 90

502 1176 605 1215 111ῃο
633 1187 730 1216 vero
759 1176 946 1215 discimus

444 1230 483 1270 1.
514 1233 558 1269 ut
595 1227 811 1280 tragicos,²⁹
832 1230 888 1269 ita
943 1233 1104 1269 11081108
1160 1240 1300 1269 omnes
1336 1229 1377 1268 id
1406 1230 1546 1278 egisse,
1585 1240 1636 1268 ne
1678 1229 1778 1268 arsis
1827 1228 2020 1268 tribrachi
2069 1228 2356 1278 exprimeretur
2394 1235 2498 1264 voce

503 1284 792 1336 monosyllaba,
832 1284 979 1324 etenim
1017 1296 1099 1323 non
1139 1283 1366 1333 frequentes
1400 1294 1487 1322 esse
1527 1284 1638 1321 locos
1676 1283 1752 1322 885
1782 1282 1819 1331 7,
1847 1282 1886 1332 8,
1922 1282 1961 1331 9,
2003 1282 2056 1323 10
2092 1281 2268 1324 1181110118
2305 1279 2503 1321 indicatos

505 1340 761 1379 concesseris.
818 1338 870 1378 Ε1
894 1338 1075 1389 exempla
1103 1338 1190 1390 ipsa
1228 1336 1553 1389 percensentibus
1592 1338 1714 1378 etiam
1743 1338 1909 1378 alteram
1943 1339 1984 1377 in
2017 1338 2097 1377 hoe
2129 1338 2233 1387 pede
2262 1335 2503 1376 exstruendo

503 1393 685 1443 regulam
713 1406 737 1433 a
765 1394 925 1443 tragicis
962 1393 1260 1442 observatamffi,
1307 1397 1349 1432 ut
1389 1393 1422 1431 si
1451 1393 1622 1442 primum
1665 1392 1872 1433 solutionis
1911 1396 2070 1444 tempus
2113 1403 2186 1444 per
2229 1390 2504 1442 exceptionem

504 1458 738 1498 expressum
765 1448 816 1488 sit
843 1458 944 1488 voce
971 1448 1258 1499 monosyllaba,
1288 1448 1508 1488 arctissime
1537 1459 1586 1487 ea
1614 1448 1830 1486 cohaereat
1858 1459 1950 1486 cum
1989 1447 2199 1494 vocabulo,
2239 1445 2348 1496 quod
2389 1447 2505 1483 ante-

505 1503 623 1550 cedit,
651 1514 791 1542 severe
832 1515 858 1541 a
896 1503 1059 1541 comicis
1115 1503 1268 1541 servari
1297 1503 1446 1541 elucet:
1470 1512 1565 1540 nam
1593 1502 1772 1550 voculae,
1812 1513 1916 1553 quae
1928 1501 2021 1541 huie
2060 1502 2118 1542 rei
2156 1500 2387 1548 inserviunt,
2425 1499 2504 1539 hae

506 1559 615 1595 sunt:
643 1555 727 1607 γάρ,
751 1557 813 1604 μὲ,
838 1554 936 1601 ποτ’,
960 1559 1010 1600 τε,
1035 1554 1092 1600 σύ,
1118 1560 1186 1602 τῖς,
1210 1555 1265 1601 δὲ,
1286 1558 1370 1605 μῦς
1398 1557 1598 1595 rarissime
1637 1556 1711 1595 sibi
1750 1557 1954 1605 indulgent
1992 1557 2071 1595 hoc
2110 1557 2200 1595 loco
2240 1554 2395 1594 articuli
2433 1553 2505 1593 ali-

507 1623 630 1661 quam
656 1610 840 1656 formam,
880 1614 924 1647 ut
963 1610 1261 1659 quedammodo
1301 1609 1366 1648 illa
1405 1609 1596 1649 tribrachi
1634 1610 1787 1661 species
1826 1610 1982 1659 evadat,
2022 1623 2143 1662 quam
2170 1610 2245 1650 sub
2277 1610 2297 1648 1
2328 1609 2355 1648 b
2389 1609 2506 1648 huius

505 1664 667 1705 tabulae
707 1663 998 1714 descripsimus,
1028 1665 1173 1714 quippe
1203 1676 1295 1703 cum
1323 1665 1514 1703 articulus
1541 1677 1633 1704 cum
1660 1677 1760 1704 voce
1789 1676 1892 1715 quae
1919 1666 2098 1716 sequitur
2119 1665 2170 1704 sit
2197 1662 2506 1714 coniungendas.

442 1719 483 1758 2.
511 1719 683 1758 Maxime
711 1719 900 1757 usitatam
927 1718 1097 1768 ideoque
1125 1718 1341 1768 legitimam
1368 1718 1538 1759 sormam
1567 1718 1795 1759 habendam
1821 1732 1921 1768 esse,
1949 1732 2071 1770 quam
2098 1720 2172 1759 sub
2201 1719 2227 1758 3
2256 1741 2310 1747 -
2338 1722 2379 1758 01
2397 1718 2435 1767 5,
2458 1730 2508 1757 ex

507 1785 630 1814 08888
657 1773 872 1820 notissima,
902 1795 955 1800 —
983 1774 1202 1822 posuimus;

446 1828 484 1867 3.
513 1840 565 1868 ne
593 1828 770 1868 comicos
799 1827 961 1877 quidem
988 1827 1041 1866 ad
1070 1839 1161 1866 08111
1189 1828 1389 1867 licentiam
1418 1840 1649 1877 progressos
1677 1840 1776 1875 esse,
1805 1832 1849 1867 ut
1877 1828 2014 1868 formis
2042 1829 2260 1868 durissimis
2294 1839 2394 1878 quas
2433 1826 2508 1866 sub

508 1882 534 1922 6
585 1887 625 1922 01
675 1882 868 1932 imprimis
919 1880 946 1920 9
998 1885 1038 1921 et
1087 1881 1139 1921 10
1187 1883 1430 1930 notavimus,
1482 1883 1801 1930 delectarentur;
1852 1883 1974 1922 immo
2026 1884 2145 1923 anxia
2195 1883 2370 1933 quadam
2411 1893 2509 1921 eura

506 1937 701 1976 eiusmodi
730 1936 955 1976 tribrachos
984 1936 1153 1976 evitatos
1177 1947 1264 1976 esse
1292 1937 1446 1975 numeri
1475 1938 1549 1986 ipsi
1578 1938 1736 1985 docent,
1764 1941 1820 1985 ut,
1849 1938 2082 1988 praesertim
2110 1948 2203 1977 cum
2230 1937 2363 1987 plures
2402 1935 2511 1987 apud

505 1991 769 2030 Menandrum
808 2002 931 2040 quam
977 1990 1085 2040 apud
1119 1990 1392 2030 Philemonem
1431 1994 1471 2030 01
1499 1991 1698 2043 Diphilum
1727 1992 1843 2031 nobis
1873 1996 2097 2040 occurrant,
2131 1992 2292 2031 minime
2321 1991 2510 2040 dubitem,

506 2047 602 2096 quin
631 2057 762 2096 pauca
801 2045 869 2084 illa
903 2045 1084 2097 exempla
1125 2045 1284 2084 falsario
1325 2045 1522 2085 tribuendi
1563 2046 1652 2095 sint,
1692 2046 1801 2097 quod
1840 2058 1920 2097 quo
1959 2047 2044 2087 iure
2084 2046 2216 2086 facere
2255 2058 2374 2097 posse
2413 2046 2510 2085 1111111

508 2100 659 2149 videor,
687 2111 810 2150 supra
840 2097 868 2120 ⁸¹
922 2092 1072 2139 indica
1069 2101 1113 2148 i;

419 2153 422 2156 “
450 2156 488 2195 4.
517 2156 624 2195 idem
649 2131 705 2194 'de
728 2155 826 2194 locis
848 2154 1099 2194 Menandreis
1122 2154 1378 2194 iudicandum
1398 2166 1496 2203 esse,
1521 2155 1587 2205 qui
1611 2155 1857 2195 tribrachum
1875 2167 1976 2195 voce
1998 2155 2200 2206 trisyllaba
2219 2155 2530 2195 conformatum

510 2209 710 2258 exhibent,
740 2221 911 2260 quorum
940 2210 1005 2247 uni
1036 2208 1342 2259 (Ὺποβολιμαῒος
1371 2208 1452 2259 2,5)
1491 2210 1573 2248 18111
1601 2210 1686 2249 81118
1726 2210 1777 2249 de
1805 2210 1935 2249 causis
1974 2209 2289 2252 subveniendum
2328 2221 2415 2250 esse
2456 2209 2513 2262 (et

508 2264 680 2304 fortasse
708 2262 980 2315 subvenimus)
1005 2263 1322 2303 demonstratum
1350 2267 1421 2304 est.

395 2319 674 2371 Disputatione
703 2318 754 2359 de
784 2319 946 2358 comicis
974 2319 1128 2367 graecis
1157 2318 1209 2356 ad
1238 2318 1468 2357 umbilicum
1496 2319 1576 2358 iam
1610 2318 1803 2369 perducta
1842 2319 1980 2370 paucis
2018 2318 2150 2359 verbis
2189 2330 2249 2368 ea,
2289 2331 2393 2370 quae
2421 2319 2514 2359 inde

507 2374 718 2414 enucleata
746 2376 850 2422 sunt,
872 2376 1055 2424 repetere
1084 2373 1212 2412 liceat.

394 2429 425 2470 1.
455 2441 490 2469 8.
520 2440 712 2490 caesurae
742 2428 885 2478 quibus
913 2428 1055 2477 singuli
1083 2438 1222 2466 versus
1261 2427 1380 2466 incidi
1421 2430 1598 2477 possunt,
1628 2431 1711 2467 tres
1744 2430 1912 2477 exstant,
1947 2439 2116 2479 quarum
2154 2428 2435 2479 semiquinaria
2475 2432 2516 2468 et

508 2482 834 2533 semiseptenaria
862 2482 1122 2534 principalem
1151 2481 1332 2522 obtinent
1359 2482 1494 2522 locum
1521 2483 1588 2530 ita,
1618 2486 1662 2521 ut
1689 2483 1808 2522 tertia
1825 2487 1916 2532 post
1938 2483 2098 2522 tertium
2119 2483 2264 2533 pedem
2286 2483 2514 2522 absolutum

509 2538 543 2576 si
571 2549 654 2576 non
681 2541 826 2586 spreta,
854 2541 1032 2576 attamen
1059 2548 1142 2575 non
1170 2547 1263 2574 eum
1290 2536 1428 2575 favore
1455 2537 1636 2586 quaesita
1663 2536 1854 2576 videatur.

452 2591 490 2631 b.
508 2590 742 2642 Ubicunque
748 2590 849 2630 haec
855 2602 1022 2632 caesura
1028 2590 1161 2631 media
1172 2589 1402 2639 admitittur,
1413 2591 1558 2641 pedem
1566 2592 1727 2631 tertium
1731 2603 1842 2631 mere
1847 2592 2132 2632 iambiumoese
2142 2595 2287 2640 poetae
2298 2592 2518 2630 voluerunt.

400 2646 443 2686 II.
500 2645 735 2686 Secundum
769 2646 914 2694 pedem
941 2646 1125 2695 primum,
1154 2644 1223 2695 qui
1250 2646 1391 2696 quovis
1430 2645 1673 2685 solutionum
1699 2656 1857 2696 genere,
1886 2649 1930 2686 ut
1957 2646 2014 2686 ita
2041 2646 2183 2694 dicam,
2211 2649 2350 2695 scatet,
2378 2646 2518 2686 tertius

512 2702 761 2751 quartusque
790 2710 959 2740 caesura
987 2703 1233 2751 cooperante
1260 2699 1490 2750 saepissime
1518 2702 1728 2741 solvuntur
1756 2704 1877 2751 atque

451 2755 485 2795 1.
514 2755 615 2794 arsis
644 2754 750 2794 tertii
779 2754 892 2804 pedis
921 2755 994 2794 etsi
1022 2766 1115 2794 raro
1143 2755 1243 2794 solvi
1271 2758 1415 2806 001081,
1444 2766 1538 2795 08111
1566 2759 1655 2796 1010
1679 2755 1782 2807 pede
1816 2759 1856 2796 et
1894 2756 2076 2808 sequenti
2107 2756 2260 2808 syllaba
2298 2769 2380 2797 una
2417 2768 2518 2798 voce

507 2808 601 2863 (seu
648 2808 805 2850 duabus
846 2811 1174 2860 pronunciatione
1214 2810 1521 2861 confluentibus)
1565 2811 1733 2861 expletis
1771 2811 2096 2862 semiseptenaria
2134 2823 2273 2851 versus
2316 2809 2520 2862 caeditur;

399 2958 443 2991 29
465 2957 500 2991 C.
524 2957 582 2991 rr.
607 2956 735 2990 Miiller
757 2956 800 2990 de
826 2955 976 2998 pedibus
1000 2955 1123 2988 solutis
1141 2965 1200 2997 pg.
1226 2958 1276 2988 17.

394 3002 443 3076 {¹2³
462 3000 678 3084 ss'dg‘ss3'2.
