2810 3529
1169 168 1455 211 -xxv—

253 291 315 331 11.
343 290 406 331 Ht.
433 288 515 330 407
543 287 708 329 Salvom
733 288 889 329 venisse
916 287 1083 338 gaudeo.
1113 287 1119 340 Ι
1151 287 1339 328 Teneone
1366 292 1417 328 te.
1516 328 1520 331 .

253 345 315 386 12.
344 367 398 373 —
425 343 509 384 426
534 342 618 385 Sed
638 342 770 394 ipsum
795 341 904 383 foras
930 354 1136 394 emm
1160 342 1291 383 video.
1320 340 1326 394 1
1357 342 1437 392 ibo,
1464 342 1669 395 adloquar.

253 399 315 441 13.
345 422 399 428 —
425 399 508 439 444
536 397 790 439 Commetare
817 397 871 438 ad
896 398 1183 447 mulierculam,
1211 395 1220 449 Ι
1249 408 1355 450 quae
1381 398 1553 449 paululo.

253 456 316 495 14.
343 454 441 495 Pho.
469 452 522 493 91
551 453 708 493 Interea
735 452 832 493 dum
857 452 1044 493 sedemus
1069 453 1135 503 illi,
1163 451 1171 504 Ι
1200 452 1421 493 intervenit.

232 551 234 553 ,
255 508 316 549 15.
344 531 399 537 —-
430 507 509 548 145
536 506 640 556 Quid
667 507 725 546 rei
752 507 863 557 gerit.
893 504 899 556 Ι
931 506 1009 556 Sic,
1037 507 1219 548 tenuiter.
1248 505 1255 558 Ι
1285 507 1375 547 Non
1401 507 1571 547 multum
1596 506 1730 547 habet.

254 563 317 604 16.
345 585 400 593 —
427 561 510 603 609
537 561 668 603 Adibo
696 562 842 602 hosce:
870 560 906 602 Ο
931 566 1070 602 noster
1095 561 1310 603 Chremes:
1340 560 1346 612 Ι
1376 560 1495 601 Salve
1522 560 1633 602 Geta.

256 618 317 658 17.
345 618 439 658 Hec.
471 615 549 658 115
577 615 761 665 Amabat,
791 614 796 669 Ι
827 619 872 656 ut
899 627 992 656 cum
1018 616 1202 665 maxime,
1232 613 1238 669 Ι
1268 619 1355 657 tum
1381 615 1619 668 Pamphilus.

257 672 319 713 18.
347 672 420 713 Ad.
453 671 530 713 107
558 671 797 712 Faceremus
828 669 833 722 Ι
863 674 903 711 et
930 674 975 710 tu
1002 671 1111 711 illum
1136 674 1261 720 tuom,
1290 669 1297 722 Ι
1327 671 1362 711 si
1388 681 1498 711 esses
1524 670 1657 711 homo.

258 727 318 768 19.
347 750 402 757 -—
434 725 512 767 143
539 726 604 766 Me
631 736 751 776 aegre
779 726 862 776 pati
889 725 942 765 illi
970 726 1099 766 nolui:
1129 724 1135 778 Ι
1165 737 1262 766 nam
1288 726 1383 765 itast
1409 725 1543 765 homo.

254 782 319 823 20.
342 800 402 811 ·-
430 780 512 821 413
540 780 655 821 Domi
684 780 834 829 habuit,
864 779 869 831 Ι
899 780 1007 821 unde
1033 781 1216 821 disceret.
1246 779 1251 832 Ι
1282 780 1344 820 Fit
1370 780 1520 820 sedulo.

255 837 319 877 21.
349 858 402 864 —-
431 834 512 874 438
540 833 621 875 Sed
649 836 736 886 quis
763 835 841 874 illic
867 838 940 884 est,
970 833 976 885 Ι
1007 846 1126 887 quem
1151 835 1271 875 video
1298 834 1472 886 procul?
1502 832 1508 886 Ι
1539 837 1650 875 estne
1678 833 1811 885 Hegio.

258 943 322 983 22.
351 942 451 981 And.
480 941 561 982 806
589 941 694 991 Quid
721 940 974 993 Glycerium?
1004 939 1010 993 Ι
1041 942 1122 982 iam
1148 942 1215 983 hic
1242 953 1338 983 suos
1364 944 1552 993 parentes
1579 939 1785 992 repperit?

258 996 322 1038 23.
351 1019 405 1025 —
433 996 513 1036 876
541 997 601 1036 Ita
627 996 889 1047 praedicant?
920 995 926 1048 Ι
955 995 990 1037 Ο
1016 997 1216 1047 ingentem
1241 997 1533 1038 confidentiam.

259 1053 323 1093 24.
351 1052 448 1092 Eun.
476 1050 558 1092 415
586 1051 695 1092 Eone
722 1063 766 1091 es
794 1050 917 1101 ferox,
947 1049 952 1102 Ι
983 1052 1077 1102 quia
1104 1051 1228 1092 habes
1255 1052 1465 1102 imperium
1490 1052 1532 1091 in
1559 1050 1723 1091 beluas?

258 1107 323 1148 25.
353 1130 404 1135 —
435 1105 512 1147 531
544 1106 627 1157 Ego
655 1118 744 1146 sum
773 1105 978 1147 Chremes»
1005 1106 1011 1159 Ι
1023 1104 1076 1167 ⁶O
1103 1107 1320 1158 capitulum
1347 1107 1631 1158 lepidissimum

259 1162 323 1202 26.
352 1184 404 1189 —
434 1160 515 1200 538
543 1161 631 1209 Abi,
658 1161 811 1210 Dorias,
843 1160 848 1212 Ι
878 1162 1095 1200 cito·hunc
1122 1162 1277 1201 deduce
1304 1162 1358 1201 ad
1384 1162 1558 1201 militem.

260 1216 324 1257 27.
353 1237 407 1243 —
435 1214 517 1254 638
545 1215 649 1254 Nihil
677 1219 748 1254 est.
777 1215 872 1266 quid
899 1215 1024 1255 nihil?
1053 1213 1059 1267 Ι
1089 1216 1123 1255 si
1149 1227 1232 1256 non
1258 1215 1447 1266 tangendi
1474 1216 1637 1266 copiast.

261 1271 324 1311 28.
354 1292 408 1298 —
438 1269 518 1309 702
545 1269 609 1309 Me
636 1270 721 1319 ipse
743 1270 885 1309 induit:
917 1268 921 1321 Ι
952 1274 1043 1320 post
1071 1282 1152 1310 una
1179 1270 1299 1311 ambo
1328 1270 1511 1311 abierunt
1537 1269 1655 1310 l'oras.

261 1325 325 1366 29.
355 1325 417 1365 Ht.
449 1323 528 1365 165
556 1324 645 1365 Non
674 1325 870 1374 convenit,
904 1325 909 1376 Ι
938 1326 1005 1376 qui
1034 1326 1142 1365 illum
1169 1326 1222 1366 ad
1250 1325 1429 1366 laborem
1455 1325 1674 1376 pepulerim

260 1380 325 1420 30.
355 1401 409 1407 -
437 1378 518 1418 267
547 1378 649 1427 Quid
677 1383 739 1418 est
766 1379 968 1419 obsecro?
998 1378 1003 1427 Ι
1033 1392 1128 1419 nam
1156 1380 1249 1420 mihi
1277 1392 1384 1420 nunc
1410 1380 1507 1419 nihil
1535 1391 1669 1420 rerum
1695 1379 1920 1419 omniumst.

261 1434 326 1475 31.
354 1456 408 1462 —-
436 1432 519 1474 494
546 1433 714 1474 Paratus
742 1446 840 1474 sum.
872 1433 876 1486 Ι
907 1434 1001 1476 Scin
1030 1435 1124 1486 quid
1151 1447 1259 1475 nunc
1286 1435 1419 1476 facere
1445 1439 1487 1475 te
1513 1434 1636 1474 volo?

263 1490 326 1528 32.
355 1490 472 1527 Phor.
501 1500 560 1538 pr.
590 1489 617 1527 4
646 1489 721 1537 Qui
748 1490 804 1527 ita
832 1490 996 1537 dictitat,
1027 1489 1032 1541 Ι
1063 1501 1163 1539 quas
1191 1490 1363 1529 antehac
1391 1489 1484 1529 fecit
1511 1488 1676 1528 fabulas.

263 1543 327 1584 33.
357 1565 410 1571 -
435 1542 516 1582 266
544 1542 617 1582 Hic
645 1543 684 1582 in
712 1543 880 1592 noxiast,
911 1543 916 1594 Ι
946 1544 1010 1583 ille
1039 1544 1091 1583 ad
1119 1543 1411 1584 defendendam
1438 1555 1604 1583 causam
1630 1543 1754 1582 adest.

264 1599 329 1637 34.
357 1619 411 1625 —
441 1597 521 1635 367
551 1597 603 1635 At
631 1609 752 1647 quem
778 1598 923 1637 virum!
954 1597 958 1649 Ι
990 1609 1110 1648 quem
1137 1609 1212 1648 ego
1240 1598 1408 1637 viderim
1434 1598 1476 1637 in
1502 1598 1586 1637 vita
1614 1597 1818 1647 optimum.

264 1652 328 1692 35.
359 1652 452 1691 Hec.
486 1651 562 1690 177
592 1651 706 1690 Nunc
734 1652 882 1691 audies.
915 1652 919 1702 Ι
951 1653 1099 1702 primos
1127 1652 1211 1692 dies
1240 1652 1542 1703 complusculos.

265 1706 329 1747 36.
358 1706 469 1746 Adel.
499 1704 551 1744 43
581 1705 752 1746 Secutus
780 1717 868 1746 sum
897 1711 948 1755 et,
978 1705 983 1757 Ι
1015 1707 1124 1757 quod
1151 1706 1398 1747 fortunatum
1424 1707 1488 1746 isti
1516 1709 1675 1756 putant,

265 1762 330 1801 37.
359 1782 412 1788 ——
429 1759 519 1809 ,131
551 1760 633 1810 Ego
662 1761 758 1800 item
785 1762 963 1801 alterum.
995 1760 1000 1812 Ι
1031 1773 1127 1801 nam
1155 1761 1296 1802 ambos
1323 1773 1467 1801 curare
1494 1759 1795 1812 propemodum.

266 1816 330 1857 38.
361 1839 413 1844 —
445 1814 523 1855 139
552 1814 653 1855 Cum
681 1816 737 1855 ita
765 1820 809 1855 ut
837 1817 929 1856 volo
954 1821 1035 1856 est:
1066 1815 1071 1867 Ι
1103 1818 1177 1857 iste
1205 1821 1296 1856 tuos
1323 1817 1408 1867 ipse
1436 1817 1579 1856 sentiet

267 1871 331 1911 39.
362 1895 413 1899 -—
437 1869 517 1909 469
547 1870 651 1910 Vero
680 1871 868 1921 amplius:
899 1872 904 1924 Ι
935 1884 1029 1911 nam
1057 1872 1135 1912 hoc
1163 1872 1323 1923 quidem
1351 1871 1557 1911 ferendum
1583 1871 1717 1920 aliquo
1745 1869 1914 1909 modost.

268 1928 331 1967 40.
362 1948 415 1953 ——
445 1924 524 1964 749
552 1926 610 1964 Ita
638 1937 702 1965 me
732 1926 770 1964 di
793 1931 939 1975 ament,
971 1926 975 1977 Ι
1005 1930 1050 1965 ut
1077 1927 1194 1966 video
1222 1930 1334 1966 tuam
1360 1937 1435 1976 ego
1464 1926 1663 1976 ineptiam.

269 1982 332 2020 41.
362 2003 415 2008 —
444 1979 524 2019 884
554 1980 686 2019 Recte.
715 1979 919 2030 Optimest.
949 1979 954 2032 Ι
985 1981 1065 2020 iam
1091 1993 1198 2020 nunc
1227 1981 1328 2021 haec
1356 1981 1432 2020 tria
1459 1980 1629 2031 primum
1657 1979 1791 2019 addidi

270 2088 334 2127 42.
363 2087 463 2125 And.
494 2086 573 2124 867
603 2085 830 2136 Ostendam,
862 2086 868 2139 Ι
898 2099 1011 2127 emm
1038 2089 1133 2138 quid
1159 2089 1211 2128 sit
1238 2088 1374 2139 pericli
1401 2087 1547 2134 fallere,

272 2141 335 2181 43.
366 2163 417 2168 ——
449 2140 527 2180 766
557 2141 641 2180 Eho
671 2153 723 2181 an
751 2154 832 2181 non
861 2142 949 2182 est?
980 2140 985 2192 Ι
1016 2143 1140 2182 Recte
1169 2154 1243 2193 ego
1271 2154 1430 2193 semper
1456 2141 1538 2192 fugi
1566 2141 1640 2181 has
1667 2140 1834 2190 nuptias.

272 2198 335 2235 44.
365 2196 461 2234 Eun.
491 2207 547 2244 pr.
577 2194 630 2233 33
660 2195 717 2234 Ex
745 2194 914 2236 Graeca:
981 2197 1053 2236 sed
1081 2209 1150 2237 eas
1178 2197 1331 2237 fabulas
1358 2197 1486 2237 factas
1514 2197 1621 2246 prius

272 2250 336 2290 45.
366 2250 427 2288 Ht.
460 2249 534 2288 101
567 2248 767 2297 Tractare,
798 2250 803 2300 Ι
833 2251 905 2289 sed
934 2251 972 2289 vi
1001 2256 1040 2290 et
1068 2252 1133 2290 via
1161 2252 1392 2302 pervolgata
1420 2254 1580 2301 patrum

273 2305 337 2345 46.
366 2327 419 2333 —
449 2302 529 2343 492
557 2303 660 2343 Dum
687 2304 727 2343 id
756 2316 916 2354 quaero,
948 2304 953 2355 Ι
984 2306 1055 2345 tibi
1083 2307 1151 2356 qui
1179 2306 1301 2346 filium
1327 2307 1577 2346 restituerem

272 2360 336 2399 47.
365 2359 482 2398 Phor.
511 2356 592 2397 303
622 2358 678 2398 Te
707 2359 807 2398 vivo.
838 2359 843 2411 Ι
874 2360 975 2409 Non,
1003 2372 1084 2401 non
1112 2362 1169 2401 sic
1198 2360 1425 2409 futurumst;
1448 2372 1529 2400 non
1557 2363 1698 2410 potest.

273 2415 337 2453 48.
366 2414 476 2453 Adel.
505 2412 584 2451 421
615 2413 764 2452 Nactus
791 2426 889 2454 sum.
920 2414 925 2465 Ι
957 2416 997 2454 hi
1025 2416 1121 2455 mihi
1148 2427 1200 2455 ne
1228 2419 1533 2466 corrumpantur
1560 2414 1738 2453 cautiost.

274 2468 337 2509 49.
367 2490 420 2496 --
449 2466 529 2507 822
557 2465 680 2517 Signa
706 2467 850 2519 insunt,
880 2468 885 2522 Ι
917 2481 967 2510 ex
994 2469 1136 2522 quibus
1165 2472 1394 2512 coniectura
1421 2470 1535 2510 facile
1562 2469 1613 2508 fit.

273 2523 337 2564 50.
367 2523 462 2562 Eun.
491 2521 571 2560 927
601 2521 868 2573 Carissimum,
899 2524 903 2576 Ι
934 2537 960 2566 a
986 2527 1195 2567 meretrice
1223 2538 1346 2566 avara
1372 2526 1561 2575 virginem

274 2630 338 2671 51.
367 2630 430 2669 Ht.
456 2626 533 2668 133
562 2627 679 2677 Quod
701 2630 765 2669 illa
793 2634 904 2671 aetas
931 2632 1057 2681 magis
1085 2633 1137 2672 ad
1164 2633 1266 2673 haee
1294 2632 1441 2672 utenda
1467 2631 1610 2670 idonea
1638 2633 1707 2668 est.

274 2684 339 2724 52.
367 2683 485 2723 Phor.
515 2681 571 2722 60
598 2681 721 2723 Cuius
749 2688 793 2724 tu
820 2685 940 2725 fidem
966 2686 1007 2725 in
1035 2687 1206 2737 pecunia
1233 2686 1478 2738 perspexeris

276 2738 339 2780 53.
368 2738 461 2778 Hec.
490 2734 571 2777 508
599 2736 798 2780 Deliberet
824 2741 1101 2792 renuntietque
1128 2741 1249 2782 hodie
1275 2741 1371 2781 mihi

275 2793 339 2833 54.
368 2792 441 2832 Ad.
469 2790 524 2831 56
551 2790 632 2830 Aut
660 2794 822 2834 audebit
849 2798 961 2835 tanto
990 2796 1116 2846 magis
1144 2796 1306 2837 audebit
1332 2798 1495 2835 ceteros.

275 2848 341 2888 55.
370 2869 424 2875 —
452 2845 506 2885 57
534 2844 693 2887 Pudore
722 2852 762 2887 et
790 2849 1024 2890 liberalitate
1052 2850 1208 2890 liberos.

408 2900 553 2941 Totam
592 2899 698 2941 hanc
737 2903 778 2942 in
817 2914 1005 2944 versuum
1043 2905 1218 2945 incertae
1259 2914 1448 2943 caesurae
1487 2901 1617 2951 capite
1657 2901 1819 2940 allatam
1856 2898 2064 2938 materiem
2101 2900 2147 2937 ut
2184 2908 2266 2937 uno
2305 2897 2389 2959 iam

275 2961 442 3007 aspectu
468 2956 704 3004 intueamur,
732 2958 876 2996 senarii
906 2958 1131 2998 Terentiani
1159 2958 1309 3009 absque
1342 2956 1514 3007 legitima
1547 2966 1715 2996 caesura
1753 2953 1815 2993 his
1843 2952 1979 2993 formis
2006 2951 2180 2992 metricis
2208 2950 2390 3003 dispositi

276 3011 392 3052 nobis
420 3012 651 3050 occurrunt}

302 3070 336 3108 1·
364 3082 416 3097 ν
444 3088 499 3095 -
526 3078 579 3093 “·’
609 3064 613 3117 Ι
646 3083 1101 3100 ------
1131 3067 1135 3119 Ι
1168 3090 1219 3095 -
1246 3082 1298 3099 ν
1322 3088 1385 3115 ——,
1408 3065 1628 3106 cuiusmodi
1655 3065 1743 3115 plus
1770 3062 2057 3115 quinquaginta
2083 3064 2253 3111 exstant,

287 3125 325 3165 2,
354 3135 1049 3156 ψψψψψψψψψ
1081 3124 1085 3174 Ι
1118 3145 1172 3151 --
1200 3140 1250 3153 v
1280 3143 1344 3169 —,
1374 3132 1477 3170 quae
1505 3120 1657 3169 species
1685 3119 1806 3157 vicies
1834 3118 2042 3166 invenitur,

2174 3276 2194 3309 5
