2810 3529
1204 244 1466 287 „xx-1-

283 374 603 420 37.Phorm.v.
640 374 1006 416 74Meminirelin
1006 371 1561 437 φιιιιιοΙᾶοοιι-ιωιιιοο.

280 428 352 472 38.
435 460 458 480 ,,
568 429 698 480 ,,101
730 428 963 471 Commorat
988 439 1130 471 omnes
1156 440 1232 470 noe
1295 428 1352 470 ibi
1378 428 1570 470 continuo
1597 428 1806 481 Antipho.-

282 484 353 527 39.
438 515 460 534 ,,
546 484 724 526 1341112
754 482 1234 548 qmdemnostraeritfl
1444 484 1725 524 mandacium
1835 521 1838 523 .

288 539 353 581 40.
437 569 460 589 ,,
548 538 623 580 171
653 539 712 580 Ex
740 551 820 592 qua
846 550 892 580 re
918 538 1051 579 minus
1077 538 1136 579 rei
1163 536 1267 579 foret
1292 535 1304 592 Ι
1326 541 1398 579 aut
1424 536 1557 578 famae
1583 541 1811 590 temperans

288 595 354 634 41.
437 624 459 643 ,‚
543 593 624 634 279
651 593 715 635 An
743 595 955 646 quisquam
981 593 1109 634 iudex·
1127 597 1200 643 est,
1221 590 1233 647 Ι
1254 593 1324 645 qui
1351 593 1478 644 possit
1503 604 1671 634 noscere

286 648 354 690 42.
436 679 459 698 ,,
543 648 624 689 289
650 648 745 690 Jam
771 649 923 690 dudum
949 651 991 688 te
1016 659 1157 689 omnes
1182 659 1259 688 nos
1279 645 1291 701 Ι
1311 658 1505 688 wetmare
1530 648 1660 688 audio

288 701 354 742 43.
438 733 460 752 ,,
542 702 625 743 314
652 702 704 743 Ut
731 714 784 743 ne
810 703 1031 753 imparatus
1051 702 1138 751 sim,
1162 699 1173 754 Ι
1199 702 1235 742 si
1261 702 1397 742 veniat
1421 700 1611 742 Phormio

289 758 353 798 44.
437 789 459 806 ,,
543 756 625 798 403
652 757 706 797 At
727 761 773 797 tu
801 758 869 808 qui
896 757 1054 807 sapiens
1081 768 1126 797 es
1149 754 1159 809 Ι
1180 757 1436 806 magistratus
1462 756 1540 795 adi.

284 811 354 852 45.
437 842 459 861 ,,
542 811 627 852 410
650 811 762 852 Dotis
789 812 897 861 dare,
924 811 1057 852 abduc
1082 811 1199 860 hanc,
1221 807 1232 864 Ι
1258 810 1388 852 niinas
1414 810 1588 862 quinque
1615 811 1761 862 accipe.

289 866 355 907 46.
439 897 460 914 ,,
543 866 628 907 420
652 866 789 906 Donec
810 866 1016 917 perfecero
1037 866 1127 906 hoc.
1149 863 1277 918 {lnep
1277 866 1338 906 tis.
1393 863 1489 905 Sine
1515 865 1647 905 modo.

290 921 355 961 47.
440 952 460 970 ,,
544 920 625 961 623
653 920 753 961 Erus
780 921 951 962 liberalis
978 923 1040 961 est
1061 917 1072 973 Ι
1094 923 1135 960 et
1161 919 1334 971 fugitans
1359 919 1487 960 litium

284 975 355 1016 48.
440 1006 461 1024 ‚‚
544 975 625 1015 672
654 974 766 1024 Geta,
788 975 968 1016 occidisti
994 986 1059 1014 me
1086 972 1097 1028 Ι
1118 975 1197 1015 tuis
1161 919 1388 1015 fugam

284 1029 356 1070 49.
544 1029 627 1071 690
653 1029 757 1100 Quid
783 1031 914 1071 minus
939 1029 1076 1070 utibile
1102 1028 1176 1070 fuit
1196 1027 1206 1083 Ι
1229 1041 1351 1081 quam
1376 1029 1456 1069 hoc
1483 1030 1597 1069 ulcus
1623 1032 1786 1079 tangere

287 1084 356 1126 50.
385 1085 478 1125 Hec.
507 1086 605 1135 prol.
628 1084 665 1124 6.
698 1085 770 1125 Et
797 1085 830 1124 is
858 1085 926 1136 qui
952 1085 1107 1135 scripsit
1134 1084 1241 1124 hanc
1263 1081 1273 1136 Ι
1299 1084 1353 1124 ob
1382 1095 1473 1124 eam
1500 1095 1586 1123 rem
1612 1083 1738 1123 noluit

287 1138 357 1179 51.
435 1171 457 1188 „
513 1152 570 1190 pr.
593 1140 625 1179 ΙΙ
653 1139 708 1179 44
736 1138 860 1180 Sinite
887 1140 1101 1190 impetrare
1126 1150 1204 1187 me,
1232 1136 1243 1191 Ι
1270 1139 1338 1189 qui
1364 1138 1405 1178 in
1433 1138 1612 1178 tutellam
1638 1149 1771 1178 meam

293 1193 357 1233 52.
436 1224 457 1242 ,,
513 1206 548 1233 ν.
579 1194 631 1233 76
659 1193 791 1234 Senex
818 1195 852 1233 si
879 1197 1044 1244 quaeret
1070 1204 1147 1241 me,
1170 1190 1180 1244 Ι
1207 1193 1329 1233 modo
1356 1193 1435 1232 isse
1461 1192 1584 1232 dicito

293 1247 357 1288 53.
435 1279 457 1296 ,,
526 1248 645 1297 ,128
673 1248 730 1288 lbi
758 1249 920 1288 demum
946 1249 1011 1288 ita
1030 1246 1149 1298 abgre
1175 1248 1275 1295 tulit,
1298 1245 1308 1300 Ι
1335 1251 1380 1287 ut
1406 1247 1535 1297 ipsam
1562 1247 1812 1295 Bacchidem,

287 1301 357 1342 54.
435 1333 457 1352 ,,
526 1303 642 1352 ,141
674 1301 804 1343 Credo
832 1304 888 1343 ita
915 1303 1040 1343 videri
1066 1302 1157 1343 tibi.
1178 1300 1188 1356 Ι
1219 1313 1315 1342 nam
1340 1312 1460 1342 nemo
1487 1302 1540 1342 ad
1567 1305 1608 1343 te
1635 1302 1751 1342 venit.

294 1357 358 1398 55.
436 1389 458 1406 ‚‚
526 1358 645 1405 ,664
673 1358 838 1398 Vosmet
865 1359 996 1398 videte
1023 1359 1104 1397 iam
1125 1356 1134 1409 Ι
1162 1357 1316 1397 Laches
1343 1361 1384 1397 et
1410 1361 1454 1396 tu
1481 1357 1687 1407 Pamphile

286 1421 358 1463 56.
386 1422 497 1463 Adel.
526 1434 583 1474 pr.
606 1422 643 1463 8.
700 1422 743 1463 In
772 1421 926 1463 Graeca
953 1422 1187 1463 adulescens
1213 1425 1285 1472 est,
1308 1418 1319 1475 Ι
1345 1422 1413 1473 qui
1440 1421 1572 1462 lenoni
1600 1422 1714 1473 eripit

291 1476 358 1516 57.
413 1477 464 1516 ib.
492 1490 529 1516 v.
551 1477 633 1517 403
660 1477 779 1517 Metui
807 1490 858 1516 ne
886 1479 1070 1517 haereret
1096 1478 1173 1516 hic.
1195 1475 1206 1529 Ι
1227 1477 1334 1527 Atqu
1334 1488 1358 1516 e
1385 1478 1529 1515 iratum
1556 1477 1774 1522 admodum

287 1530 359 1571 58.
437 1562 458 1580 ,,
498 1543 533 1571 v.
556 1531 639 1572 470
664 1531 865 1572 Persuasit
891 1543 982 1580 nox,
1011 1542 1135 1580 amor,
1190 1531 1337 1579 vinum,
1364 1530 1635 1571 adulescentia

286 1585 359 1624 59.
437 1615 458 1633 ,,
497 1598 533 1624 V.
557 1586 636 1624 787
664 1587 811 1625 Parata
838 1598 864 1624 a
890 1587 1006 1625 nobis
1033 1589 1136 1633 sunt,
1196 1586 1253 1624 ita
1279 1589 1324 1624 ut
1351 1585 1441 1632 dixi,
1469 1584 1662 1624 Sostrata.

294 1638 359 1679 60.
438 1670 460 1687 ,,
499 1651 535 1678 v.
555 1638 632 1679 841
665 1639 766 1679 Cum
792 1641 921 1689 primo
948 1640 1027 1679 luci
1054 1640 1121 1679 ibo
1148 1639 1253 1678 hinc.
1271 1635 1281 1690 Ι
1300 1638 1357 1678 De
1384 1642 1504 1678 nocte
1532 1650 1688 1678 censeo.

405 1714 517 1755 Hanc
546 1726 754 1755 caesuram
781 1715 899 1765 igitur
927 1714 1111 1755 Terentio
1140 1713 1368 1754 affectatam
1395 1717 1516 1766 atque
1544 1714 1679 1755 dedita
1701 1725 1824 1766 opera
1847 1714 2063 1765 expetitam
2095 1726 2195 1763 esse,
2223 1716 2312 1766 quis
2335 1719 2398 1755 est

295 1770 362 1819 qui
390 1770 537 1810 audeat
565 1770 837 1822 contendere?
893 1770 1007 1810 Adde
1035 1770 1144 1821 quod
1166 1770 1283 1820 longe
1310 1769 1467 1819 plurimi
1495 1781 1682 1810 versuum
1708 1770 1866 1810 illorum
1892 1773 2094 1810 structura
2120 1782 2195 1810 sua
2221 1770 2398 1821 speciem

287 1824 497 1875 quandam
534 1825 706 1875 legitime
733 1825 949 1864 incisorum
987 1836 1084 1875 prae
1117 1836 1162 1864 se
1200 1824 1331 1864 rerunt
1370 1835 1420 1864 eo
1459 1824 1568 1875 quod
1606 1836 1726 1864 voces
1765 1824 2063 1876 monosyllabae
2092 1846 2146 1852 —
2173 1826 2257 1865 sive
2284 1826 2396 1876 ipsae

295 1880 378 1919 sive
412 1880 579 1930 synicesi
618 1883 687 1919 aut
727 1880 888 1919 elisione
927 1882 1135 1930 correptae
1163 1901 1217 1907 ·-
1243 1878 1382 1918 sedem
1419 1890 1610 1919 caesurae
1648 1879 1804 1919 mediae
1845 1883 1915 1918 aut
1953 1883 2143 1919 anteeunt
2188 1884 2259 1919 aut
2299 1879 2396 1920 sub-

295 1938 514 1984 sequuntur
541 1937 611 1973 aut
638 1935 835 1984 utrimque
863 1934 1119 1973 circumdant.
1175 1932 1287 1983 Quae
1314 1944 1378 1972 res
1407 1936 1600 1983 quantum
1627 1934 1667 1973 in
1696 1934 1870 1983 diligenti
1897 1932 2144 1974 Graecorum
2176 1934 2397 1975 imitatione

295 1989 557 2035 contineatur,
586 2001 705 2038 porro
734 1989 828 2027 illud
857 1992 1091 2037 argumento
1120 1992 1192 2036 est,
1234 1988 1342 2037 quod
1380 1988 1459 2026 hac
1487 1999 1655 2027 caesura
1687 1992 1897 2038 praesente
1935 1989 2102 2027 metrica
2139 1989 2253 2038 pedis
2290 1989 2396 2028 tertii

285 2045 495 2082 structura
522 2054 615 2082 cum
643 2041 886 2083 Graecorum
913 2055 989 2083 usu
1017 2042 1210 2104 congruit,
1236 2045 1281 2082 ut
1308 2040 1410 2081 infra
1437 2041 1782 2083 demonstrabitur.

962 2124 1025 2165 De
1052 2107 1264 2166 versibus*
1279 2124 1475 2167 incertae
1503 2136 1724 2167 caesurae.

429 2201 622 2250 Expositis
662 2212 918 2240 caesurarum
957 2213 981 2239 a
1011 2201 1195 2240 Terentio
1223 2202 1444 2240 secundum
1472 2200 1717 2241 Graecorum
1744 2206 1960 2252 praecepta
1993 2202 2254 2253 exemplaque
2282 2201 2397 2242 adbi-

297 2254 469 2294 bitarum
498 2258 537 2294 et
565 2257 738 2294 numeris
767 2259 807 2294 et
835 2255 986 2302 finibus
1026 2267 1132 2294 nunc
1160 2266 1233 2303 per
1259 2255 1433 2304 singulas
1461 2257 1648 2305 deinceps
1670 2256 1825 2294 fabulas
1847 2268 1918 2295 eos
1940 2268 2225 2319 persequemur
2245 2268 2396 2304 vem,

289 2309 365 2360 qui
392 2309 499 2349 nulla
528 2320 577 2349 ex
604 2309 677 2349 illis
706 2310 880 2349 caesuris
908 2309 1180 2359 disponuntur.
1235 2308 1366 2360 Atque
1399 2310 1572 2360 primum
1609 2310 1781 2373 quidem·
1808 2309 2149 2361 percensebuntur
2185 2311 2212 2350 ιι
2249 2311 2396 2351 senarii

289 2364 534 2412 'Ter-entiam,
563 2376 732 2414 quorum
759 2368 959 2403 structura
985 2364 1039 2402 ad
1060 2375 1191 2403 novas
1230 2365 1527 2403 constituendas
1563 2365 1671 2414 leges
1709 2365 1783 2403 viri
1821 2365 1859 2404 d.
1898 2365 2061 2415 quidam
2097 2369 2191 2404 sunt
2227 2365 2395 2416 impulsi.

334 2417 362 2459 1.
390 2417 616 2469 Legimus&
663 2418 811 2459 »Minus
843 2418 1028 2470 frequens
1055 2429 1185 2470 neque
1212 2421 1347 2459 tamen
1374 2419 1490 2459 nimis
1517 2431 1631 2459 rarus
1658 2423 1719 2459 est
1746 2431 1840 2459 usus
1867 2420 2020 2468 tertiae,
2048 2431 2129 2470 qua
2156 2431 2326 2460 caesura
2351 2419 2395 2459 fit

395 2478 489 2513 ante
516 2474 697 2513 ultimum
719 2475 911 2513 creticum
938 2485 1076 2513 versus
1103 2473 1219 2512 simul
1258 2477 1348 2523 post
1388 2474 1554 2513 alteram
1593 2474 1736 2513 thesim
1775 2473 1994 2525 (syllabam,
2023 2485 2127 2525 quae
2150 2475 2275 2514 ictum
2301 2473 2395 2525 fert)

394 2528 544 2567 incisi«.
599 2528 788 2579 Exempla
814 2527 1045 2569 afferuntur:

328 2582 362 2621 1.
390 2582 491 2621 And.
520 2594 556 2621 v.
584 2582 640 2622 60
666 2582 743 2634 (ed.
772 2582 873 2632 Ump
874 2582 899 2621 1.
894 2582 916 2645 .)

395 2634 639 2676 Gaudebam.
695 2637 784 2677 Non
814 2634 820 2688 Ι
850 2637 1008 2677 iniuria:
1037 2648 1132 2676 nam
1154 2636 1195 2676 id
1224 2635 1230 2688 Ι
1261 2635 1441 2676 arbitror.
1496 2636 1553 2676 Ex
1581 2648 1661 2687 quo
1689 2648 1808 2676 versu
1835 2648 1959 2687 quam
1985 2649 2092 2678 vana
2113 2649 2163 2678 ac
2184 2609 2396 2678 temerarie

391 2691 549 2740 prolata
575 2691 625 2730 sit
652 2691 755 2730 haec
782 2692 980 2730 sententia
1006 2691 1134 2741 primo
1162 2690 1304 2730 obtutu
1343 2691 1605 2739 cognoscitur.
1661 2690 1763 2729 Nam
1795 2702 1927 2742 neque
1965 2691 2105 2732 incisio
2137 2703 2242 2743 quae
2281 2692 2398 2732 adest

394 2748 486 2809 post
520 2756 660 2794 ›‹non,
688 2756 819 2797 neque
846 2757 950 2797 quae
977 2745 1158 2786 ultimum
1184 2744 1374 2785 creticum
1401 2755 1427 2784 a
1447 2744 1607 2795 reliquis
1628 2757 1767 2785 vermis
1793 2745 1974 2796 partibus
2000 2746 2208 2798 seiungere
2228 2746 2397 2796 videtur,

391 2800 552 2839 minime
581 2800 700 2849 digna
728 2804 790 2840 est
816 2801 977 2840 nomine
1005 2810 1207 2847 caesurae,
1236 2810 1356 2849 quam
1384 2798 1545 2861 quidem
1571 2810 1647 2839 nos
1684 2799 1993 2850 intellegimus;⁴¹
2019 2801 2142 2842 immo
2181 2800 2399 2841 verborum

389 2864 532 2894 sensus
558 2857 629 2894 aut
656 2857 747 2904 post
781 2854 1047 2905 Mgaudebam
1081 2857 1151 2894 aut
1178 2856 1268 2904 post
1302 2853 1483 2892 ›iniuria‹
1528 2864 1739 2894 caesmam
1776 2854 2006 2896 admitteret
2040 2856 2104 2896 vel
2142 2855 2398 2905 desideraret,

388 2919 563 2958 quarum
588 2912 732 2948 neutra
758 2909 862 2949 inter
887 2920 982 2949 vere
1005 2908 1254 2960 ,rhythmicas
1280 2908 1481 2947 numerari
1507 2911 1650 2957 potest,
1678 2908 1786 2949 unde
1813 2909 2003 2960 sequitur,
2030 2914 2076 2949 ut
2113 2910 2179 2949 hic
2216 2910 2399 2951 senarius

395 2965 466 3002 aut
494 2962 655 3002 omnino
684 2974 852 3011 caesura
878 2963 1055 3014 legitima
1082 2965 1218 3008 eareat
1244 2964 1314 3001 aut
1340 2964 1552 3012 corruptus
1577 2962 1640 3012 sit,
1668 2963 1778 3013 quod
1804 2963 1920 3004 nobis
1947 2963 2114 3014 videtur,

2152 2974 2402 3016 qumquam

393 3027 477 3061 non
504 3020 615 3057 certa
642 3017 882 3058 emendandi
908 3019 974 3057 via
999 3029 1044 3058 se
1080 3017 1204 3057 offert.
1258 3015 1443 3056 Fortasse
1475 3016 1687 3067 legendum
1715 3021 1797 3059 est:
1825 3017 2068 3059 Gaudebam.
2123 3018 2214 3059 Nou
2240 3019 2400 3060 iniuria:

393 3070 435 3110 id
463 3071 570 3111 enim
597 3083 673 3121 ego
702 3071 874 3112 arbitror

286 3163 398 3198 400.
418 3162 570 3201 conr-dt
554 3166 862 3218 tindi-amp.
883 3168 920 3202 6.

287 3206 526 3251 atim
545 3209 835 3253 huin-opusculi.
