2810 3529
1271 181 1575 222 —XXIV—

364 309 509 349 Heaut-
535 308 641 349 Prol.
671 308 744 348 33¹
773 319 811 358 v,
841 308 915 349 89*
944 308 1043 348 105·
1072 307 1172 348 270·
1200 305 1297 346 273·
1330 305 1428 347 279·
1461 306 1562 347 295*
1591 306 1693 347 309*
1721 307 1822 347 311*
1851 308 1949 350 360]
1979 309 2077 350 433·
2104 308 2209 350 440*
2234 310 2337 349 454·
2364 311 2471 350 473*

423 363 526 403 514·
555 363 662 404 537·
695 363 798 404 538·
833 364 939 404 763*
969 363 1069 403 766·
1105 362 1210 401 778*
1242 361 1341 401 780·
1377 362 1477 401 856·
1513 362 1616 401 865·
1649 361 1755 400 932·
1786 362 1889 402 934·
1923 364 2047 405 938·.

365 418 463 459 Hoc.
492 418 569 458 66¹
605 418 709 459 103*
741 419 842 459 131·
879 418 979 458 174·
1013 416 1117 457 427·
1150 415 1255 456 440·
1287 414 1393 456 504*
1419 415 1526 457 510*
1556 416 1659 457 638·
1693 415 1811 458 708·.

366 472 481 514 Adel.
508 474 588 514 40*
622 474 726 514 102*
759 474 859 513 115·
896 472 995 512 117·
1031 471 1131 510 120·
1167 470 1271 510 124*
1302 471 1406 511 240·
1440 471 1552 511 242*
1571 470 1678 511 246*
1707 471 1814 511 251*
1839 471 1940 512 380·
1969 473 2072 513 392·
2097 474 2198 515 398·
2226 437 2331 516 402·
2365 474 2468 515 414·

424 528 533 568 416*
563 528 670 568 422*
700 528 803 568 430·
835 526 939 568 440·
961 526 1075 569 450·
1109 525 1213 565 456·
1246 525 1353 565 479*
1385 526 1488 565 499·
1522 526 1625 565 674·
1658 526 1763 566 677*
1799 525 1902 566 726·
1943 527 2044 566 736·
2073 528 2190 567 753*
2227 530 2328 569 770·
2369 529 2472 569 780·

427 583 532 623 786*
559 583 662 622 787*
696 581 798 621 790·
832 581 935 619 791·
971 579 1076 619 798*
1108 580 1211 619 806·
1246 580 1350 619 818·
1384 580 1488 621 821·
1523 581 1626 620 836·
1656 580 1761 620 916*
1792 580 1911 622 924·.

398 648 436 689 d.
463 647 642 700 Denique
680 647 802 688 etiam
832 646 922 686 illos
958 645 1078 686 liceat
1113 645 1293 695 integros
1331 646 1536 697 adponere
1572 658 1723 695 versus,
1760 646 1828 698 qui
1865 647 1922 686 ita
1960 647 2138 699 dispositi
2176 652 2280 699 sunt,
2319 654 2364 690 ut
2401 650 2477 691 nisi

468 703 592 754 spurii
617 704 710 742 sunt
736 700 886 741 cretica
912 699 1016 740 haec
1043 709 1213 740 caesura
1239 700 1327 741 sola
1354 704 1499 752 poetae
1528 698 1732 742 suffecisse
1757 701 1949 742 videatur.

468 758 502 797 1.
530 756 631 797 And.
662 754 740 795 138
767 755 852 795 Nec
879 754 977 795 satis
1003 754 1058 794 ad
1085 753 1378 805 obiurgandum
1405 767 1563 795 causae.
1618 755 1777 796 diceret.

465 812 501 852 2.
530 811 592 851 Ht.
614 809 718 851 Prol
751 809 801 849 17
829 808 974 850 Multas
1002 809 1298 850 contaminasse
1326 809 1512 859 Graecas,
1540 811 1637 850 dum
1664 810 1770 851 facit.

464 866 501 906 3.
530 888 583 894 -
610 876 648 914 v,
678 864 731 904 74
759 863 802 905 Si
829 875 967 904 sumas
991 864 1033 904 in
1059 864 1136 906 illis
1162 866 1405 913 exercendis,
1434 865 1521 915 plus
1548 876 1656 914 acas

530 942 582 948 --
610 896 666 959 83
693 918 866 968 Quaeso,
894 918 991 969 quid
1019 922 1060 958 te
1087 922 1245 959 tantum
1270 919 1483 960 meruisti?
1540 918 1585 959 Ei
1612 919 1710 959 mihi

529 998 581 1003 -
609 972 692 1014 545
720 973 863 1014 Nonne
891 973 945 1014 ad
971 985 1111 1014 senem
1138 973 1311 1024 aliquam
1339 973 1533 1013 fabricam
1560 974 1702 1024 fingit?
1758 974 1933 1014 Stolidus
1961 979 2032 1015 em.

531 1051 582 1056 —
611 1027 692 1068 547
722 1027 866 1069 Causa.
922 1027 1055 1068 Facile
1082 1027 1267 1079 equidem
1294 1027 1428 1068 facere
1455 1040 1630 1079 possum,
1658 1029 1692 1069 si
1713 1028 1841 1070 iubes.

530 1106 582 1112 -—
611 1081 694 1123 548
723 1083 881 1124 Etenim
907 1093 989 1134 quo
1016 1085 1136 1133 pacto
1163 1082 1205 1122 id
1231 1081 1316 1122 fleri
1343 1083 1482 1131 soleat,
1511 1084 1649 1123 calleo.

491 1138 692 1179 .Phorm.
720 1137 775 1179 52
804 1137 857 1178 At
884 1149 961 1188 ego
989 1137 1150 1178 obviam
1177 1137 1356 1177 conabar
1382 1137 1465 1186 tibi,
1494 1137 1615 1178 Dave.
1670 1138 1830 1189 Accipe,
1859 1150 1933 1179 em.

462 1193 499 1233 9.
529 1216 582 1221 -
614 1193 696 1234 140
721 1193 871 1234 Laudo.
925 1192 989 1233 Ad
1016 1195 1268 1243 precatorem
1295 1193 1440 1233 adeam
1467 1193 1600 1241 credo,
1629 1194 1696 1243 qui
1723 1194 1820 1233 mihi

439 1249 500 1288 10.
530 1271 583 1276 -
611 1246 694 1287 384
722 1248 809 1287 Eho
835 1251 892 1295 tu,
918 1247 1125 1286 sobrinum
1152 1250 1264 1286 tuom
1290 1259 1373 1287 non
1400 1247 1554 1287 noras?
1611 1247 1753 1287 Enicas

438 1304 500 1342 11.
530 1324 582 1330 -—
611 1300 693 1342 453
722 1302 805 1352 Ego
832 1301 973 1342 sedulo
1000 1301 1145 1341 dixisse
1173 1301 1280 1341 hunc
1309 1301 1446 1342 credo:
1474 1312 1614 1342 verum
1640 1302 1744 1341 itast.

436 1357 499 1397 12.
529 1379 581 1385 —-
610 1354 692 1396 663
719 1356 935 1397 Aediculae
961 1357 1057 1396 item
1084 1360 1177 1396 sunt
1204 1356 1257 1396 ob
1285 1356 1426 1396 decem
1453 1357 1561 1396 alias.
1616 1354 1712 1397 Oie‘i.

436 1410 499 1451 13.
528 1433 581 1439 —
610 1409 693 1451 915
720 1410 826 1452 Satis
853 1410 1025 1462 superbe
1053 1410 1226 1451 inluditis
1253 1423 1329 1451 me.
1386 1410 1492 1461 Qui?
1542 1411 1709 1461 Rogas?

437 1468 499 1505 14.
529 1488 581 1494 -
610 1465 689 1504 991
719 1465 772 1505 Μι·
801 1466 891 1504 vir?
948 1466 1084 1513 Ehem,
1113 1466 1209 1516 quid
1236 1477 1343 1506 nunc
1371 1466 1628 1517 obstipuisti?
1682 1465 1779 1516 Quis
1807 1464 1873 1504 hic
1902 1464 2072 1506 homost.

437 1519 499 1561 15.
529 1520 624 1561 Hec.
653 1519 736 1561 646
764 1519 895 1571 Quam
922 1520 1001 1561 hoc
1029 1520 1126 1561 mihi
1153 1521 1310 1560 videtur
1337 1520 1488 1560 factum
1515 1533 1649 1571 prave,
1678 1521 1870 1570 proloqui.

438 1576 500 1614 16.
530 1575 603 1614 Ad.
628 1575 680 1614 61
712 1574 795 1615 Cur
822 1575 956 1625 perdis
984 1575 1281 1614 adulescentem
1309 1574 1458 1614 nobis?
1487 1587 1559 1615 cur
1586 1575 1727 1615 amat?

438 1630 500 1669 17.
531 1652 583 1657 —
613 1629 695 1670 252
724 1629 898 1678 Faciam,
926 1629 998 1669 sed
1026 1627 1306 1679 Ctesiphonem
1335 1630 1469 1669 video:
1498 1631 1625 1669 laetus
1652 1633 1723 1669 est.

438 1684 501 1723 18.
533 1706 584 1711 —
614 1683 699 1723 360
727 1684 892 1734 Aliquo:
921 1684 1119 1734 persuasit
1147 1683 1211 1723 ille
1239 1684 1428 1733 impurus,
1457 1687 1520 1723 sat
1546 1684 1630 1723 scio

440 1737 501 1776 19.
532 1761 584 1766 —
615 1737 692 1777 751
725 1736 807 1777 Cur
833 1737 949 1777 non?
1005 1737 1052 1777 Et
1080 1749 1186 1777 nova
1213 1741 1338 1787 nupta
1366 1738 1508 1778 eadem
1536 1738 1638 1777 haec
1666 1738 1802 1777 discet.
1858 1736 2026 1777 Scilicet.

438 1792 502 1833 20.
535 1815 586 1820 -
619 1792 673 1832 57
702 1791 860 1832 Pudore
889 1796 929 1832 et
956 1791 1192 1832 liberalitate
1220 1790 1406 1831 liberos⁴⁸

480 1868 677 1919 Quidnam
698 1868 816 1920 igitur
838 1880 912 1908 nos
931 1867 1134 1909 effecimus
1155 1872 1241 1909 tota
1269 1868 1347 1909 hac
1369 1880 1540 1920 operosa
1564 1869 1798 1909 collectione
1821 1872 1861 1908 et
1884 1870 2215 1919 comparatione?
2245 1870 2353 1909 Haec
2370 1874 2478 1910 sunt:

371 1927 405 1964 1.
435 1924 744 1965 Innumerabiles
771 1924 855 1963 fere
883 1924 1076 1963 exsistunt
1103 1925 1260 1971 senarii,
1290 1934 1460 1974 quorum
1489 1925 1650 1963 ultimus
1673 1924 1844 1964 creticus
1871 1924 2190 1974 interpunctione
2218 1925 2306 1974 plus
2327 1925 2478 1965 minus-

434 1991 483 2020 ve
511 1980 623 2030 gravi
651 1979 852 2019 abscissus
880 1979 1179 2029 quodammodo
1207 1991 1279 2029 per
1305 1991 1350 2018 se
1379 1980 1535 2018 incedit.

366 2035 404 2074 2.
433 2034 673 2084 Saepissime
712 2033 754 2073 id
792 2037 915 2083 atque
951 2034 1037 2072 sine
1075 2033 1155 2072 ulla
1184 2033 1400 2073 ofsensione
1428 2033 1579 2073 factum
1606 2037 1677 2081 est,
1707 2045 1800 2072 cum
1839 2044 1920 2072 una
1960 2044 2009 2072 ex
2020 2033 2173 2084 )ribus
2212 2034 2285 2072 illis
2324 2034 2478 2074 usitatis

436 2089 613 2129 caesuris
641 2099 780 2128 versus
809 2087 998 2128 caeditur.

367 2143 407 2183 3.
435 2143 555 2184 Haud
602 2154 718 2182 rarus
768 2146 829 2182 aet
874 2154 1064 2181 numerus
1113 2154 1301 2180 versuum
1340 2143 1395 2179 ita
1445 2142 1767 2192 compositorum,
1807 2146 1851 2182 ut
1891 2146 2028 2182 ternae
2067 2142 2242 2193 syllabae
2280 2143 2479 2193 utrimque

436 2197 495 2249 (et
524 2208 549 2237 a
577 2196 708 2236 fronte
736 2199 777 2236 et
804 2208 829 2236 a
857 2194 986 2247 tergo)
1014 2208 1154 2236 sensus
1182 2208 1309 2246 pausa
1335 2200 1587 2236 resecentur:
1619 2216 1657 2226 ν
1688 2219 1741 2224 -
1771 2216 1811 2227 ν
1840 2194 1852 2249 Ι
1880 2227 2043 2236 .....
2075 2196 2086 2250 Ι
2112 2220 2164 2225 -
2194 2217 2235 2228 ν
2265 2220 2327 2237 -.

367 2254 405 2291 4.
435 2252 542 2292 Raro
582 2251 722 2290 incisio
761 2254 854 2290 ante
881 2251 1063 2291 ultimum
1091 2252 1283 2291 creticum
1316 2250 1358 2290 fit
1384 2251 1425 2290 in
1453 2250 1617 2290 senariis
1645 2255 1736 2301 post
1774 2252 1944 2301 primam
1982 2251 2184 2301 dipodiam
2223 2255 2263 2291 et
2291 2228 2356 2303 (cf
2385 2252 2411 2290 d
2440 2253 2478 2300 4,

435 2306 472 2355 6,
502 2305 540 2355 9,
573 2305 635 2353 10,
667 2307 729 2353 14,
761 2305 824 2353 17,
856 2306 918 2353 18,
950 2304 1017 2355 19)
1046 2310 1137 2355 post
1164 2306 1330 2355 primum
1360 2305 1499 2354 pedem
1528 2306 1670 2344 incisis.

496 2370 578 2412 Sed
605 2371 846 2422 priusquam,
874 2374 1006 2411 utrum
1034 2370 1136 2411 haec
1164 2374 1208 2410 ut
1236 2371 1291 2410 ita
1320 2370 1447 2410 dicam
1476 2371 1625 2410 cretica
1653 2371 1791 2410 incisio
1815 2375 1960 2421 poetae
1991 2383 2086 2410 vere
2121 2372 2283 2411 metrica
2311 2383 2479 2412 caesura

365 2428 453 2466 visa
481 2427 532 2465 sit
558 2437 687 2466 necne
715 2425 987 2473 diiudicamus‚
1014 2426 1188 2476 reliquos
1216 2425 1395 2464 senarios
1424 2424 1609 2474 colligere
1638 2429 1807 2475 oportet,
1845 2426 1922 2476 qui.
1951 2429 2140 2476 quantum
2181 2426 2232 2465 ad
2272 2438 2478 2466 caesuram

367 2482 542 2532 pertinet
569 2481 703 2531 aliqua
729 2479 915 2520 laborant
941 2479 1184 2519 difficultate.

399 2537 434 2574 1.
464 2534 566 2574 And.
592 2533 672 2573 166
699 2534 742 2574 Ιιι
769 2531 1052 2589 Pamphilojut
1079 2534 1175 2574 nihil
1204 2534 1254 2573 sit
1283 2545 1433 2574 morae:
1449 2532 1453 2585 Ι
1468 2536 1593 2573 restat
1622 2532 1820 2575 Chremes.

395 2590 434 2630 2.
465 2613 517 2619 -
547 2588 629 2629 437
659 2589 775 2629 Potin
802 2601 846 2629 es
875 2590 969 2629 mihi
997 2601 1134 2629 verum
1164 2589 1329 2629 dicere?
1354 2588 1359 2639 ,l
1385 2589 1489 2628 Nihil
1518 2589 1682 2629 facilius.

345 2652 349 2654 ’
396 2644 434 2685 3.
464 2667 516 2673 -
546 2643 629 2684 678
659 2643 834 2692 Tuomst,
862 2643 992 2695 siquid
1019 2648 1181 2694 praeter
1207 2655 1316 2694 spem
1345 2642 1506 2694 evenit‚l
1525 2643 1618 2683 mihi
1645 2644 1863 2693 ignoscere.

395 2702 433 2739 4.
464 2722 516 2728 -
548 2698 629 2738 767
659 2697 693 2738 Ο
721 2697 874 2737 facinus
901 2698 1308 2739 animadvertendum.
1323 2696 1328 2746 Ι
1342 2697 1446 2747 Quid
1474 2697 1653 2737 clamitas

396 2756 434 2793 5.
464 2776 517 2782 -
548 2752 630 2792 778
660 2752 721 2792 Τιι
749 2752 817 2802 pol
844 2752 964 2792 homo
991 2764 1073 2792 non
1102 2764 1146 2792 es
1173 2752 1340 2793 sobrius.
1368 2751 1373 2803 Ι
1404 2751 1578 2791 Fallacia

396 2808 433 2847 6.
464 2807 561 2847 Eun.
591 2806 645 2846 86
674 2805 771 2856 Quis
798 2806 864 2845 hic
891 2806 1253 2859 loquum-Heben.
1281 2809 1353 2847 tun
1381 2806 1447 2846 hic
1476 2817 1577 2854 eras,
1604 2805 1609 2857 Ι
1640 2806 1692 2845 mi
1721 2805 1951 2845 Phaedria?

398 2863 434 2901 7.
465 2885 518 2891 —
549 2861 630 2901 159
657 2861 743 2911 Ego
771 2860 973 2909 excludor,
986 2860 992 2912 Ι
1006 2862 1070 2900 ille
1097 2861 1296 2912 recipitur.
1311 2871 1315 2911 Ι
1330 2872 1411 2912 qua
1437 2859 1595 2911 gratia?

399 2918 434 2956 8.
463 2939 516 2945 —
547 2914 629 2956 836
657 2914 816 2956 Viden?
844 2913 984 2954 Video.
1008 2912 1014 2964 Ι
1041 2913 1281 2966 Compi-endi
1307 2915 1412 2961 iube,
1439 2914 1444 2964 Ι
1465 2917 1655 2964 quantum
1684 2917 1826 2963 potest.

397 2970 435 3009 9.
465 2992 516 2998 —-
546 2968 629 3009 919
657 2969 797 3009 Video.
821 2968 826 3020 Ι
854 2968 946 3008 vide
973 2971 1018 3008 ut
1044 2968 1198 3008 otiosus
1224 2969 1265 3018 it,
1287 2967 1292 3020 Ι
1313 2969 1348 3008 si
1376 2968 1437 3009 dis
1463 2968 1606 3018 placet.

371 3024 435 3065 10.
463 3024 526 3064 nt.
554 3023 636 3064 277
666 3022 865 3064 Continuo
894 3023 961 3062 hic
987 3034 1033 3061 se
1060 3024 1231 3061 coniecit
1258 3024 1373 3071 intro,
1399 3021 1404 3073 Ι
1429 3032 1505 3071 ego
1528 3031 1764 3073 consequor.

462 898 501 1178 oe>10³0==ts

363 3140 853 3183 4sof.conndtl.tp.⁷.
