2810 3529
0 3369 186 3529 &N

1359 171 1559 227 ...χ’-

399 299 515 351 atque
549 294 670 350 ipsius
706 293 911 340 Menandri
947 294 1100 340 nomine
1127 293 1227 337 foras
1262 295 1443 336 emittere
1479 306 1556 336 non
1592 293 1720 336 minus
1755 293 1853 336 mihi
1888 306 2111 348 persuasum
2145 296 2216 336 est.
2273 292 2360 336 Hac
2395 292 2516 346 igitur

397 354 591 395 sententia
627 376 681 382 —
719 354 800 395 sive
836 366 926 396 vera
953 353 1034 395 sive
1059 352 1158 393 falsa
1186 352 1256 400 est,
1295 351 1400 391 certe
1427 349 1573 390 malum
1601 349 1705 390 malo
1734 350 1926 390 cumulari
1950 362 2025 391 non
2052 350 2199 402 patitur
2228 372 2280 379 —-
2309 349 2516 401 perductus

398 410 448 449 ab
483 408 662 450 omnibus
703 409 939 450 incertarum
979 406 1193 447 fabularum
1234 404 1405 456 reliquiis
1446 403 1701 445 recedendum
1742 403 2010 447 existimabam
2052 407 2204 458 praeter
2245 417 2387 457 paucas
2427 405 2516 446 illas

396 463 583 517 longioris
625 464 807 514 ambitus,
851 474 945 515 quas
987 460 1162 502 Meineke
1203 459 1292 500 inde
1334 460 1383 501 ab
1426 459 1547 500 altera
1587 471 1708 511 usque
1744 459 1794 500 ad
1830 460 1990 501 tertium
2028 460 2219 502 decimum
2256 460 2515 513 fragmentum

399 519 572 572 collegit.
628 520 685 560 Ex
712 520 787 570 his,
817 529 914 570 quae
941 516 1130 558 enucleari
1157 516 1377 567 potuerunt,
1405 514 1501 555 haec
1528 515 1632 555 suut.

1291 636 1329 677 1.
1370 635 1434 683 de,
1446 634 1632 676 caesuris.

536 737 666 779 Primo
693 736 778 778 loco
805 732 1036 776 monendum
1065 733 1125 774 est
1151 732 1263 774 illam
1298 732 1427 784 legem
1455 743 1512 781 ea,
1549 744 1625 783 qua
1656 743 1726 782 par
1753 733 1824 779 est,
1863 732 2066 771 severitate
2093 732 2298 780 observari,
2340 744 2389 774 ne
2416 734 2516 774 ullus

403 795 558 836 omnino
595 803 724 832 versus
761 790 891 830 careat
925 788 1111 827 incisione
1146 786 1381 839 rhythmica.
1436 786 1540 827 Nam
1575 784 1755 826 undecim
1789 785 1944 826 tantum
1980 797 2111 826 versus
2148 797 2304 826 caesura
2341 789 2517 839 neglecta

401 848 595 900 leguntur,
632 855 792 896 quorum
828 841 904 883 etsi
930 853 1007 882 non
1044 841 1175 892 aliqua
1209 853 1299 891 pars
1326 840 1673 891 manuscriptorum
1708 839 1906 890 iniquitati
1938 839 2141 880 deberetur
2168 851 2283 880 causa
2311 840 2517 883 defendens

402 902 515 942 facile
550 897 803 949 intellegitur.
872 895 1026 947 Ubique
1061 894 1165 935 enim
1202 894 1353 946 longior
1389 894 1518 945 aliqua
1553 905 1623 935 vox
1658 893 1774 934 metri
1809 894 2017 946 angustiis.
2035 894 2138 934 male
2173 906 2215 934 se
2250 896 2515 946 accomodans,

403 957 448 997 ut
476 956 611 996 contra
636 952 887 1004 praeceptum
913 950 1150 1001 peccaretur,
1178 949 1319 989 effecit.
1376 948 1513 995 Confer
1540 959 1699 1000 quaeso:

538 1020 575 1062 1.
600 1016 848 1072 ’Δρρηφόρος
870 1014 898 1070 ἢ
922 1014 1123 1069 Δῦλητρίς
1151 1014 1225 1062 1,ε.
1281 1018 1465 1066 Πέραινε
1481 1034 1514 1061 τ
1535 1017 1715 1068 σωθείης
1743 1015 1789 1055 δὲ
1814 1015 1892 1056 νῦν
1920 1027 1931 1038 ·
1958 1011 2179 1069 ἀληθινόν,
2213 1014 2315 1065 quod
2346 1015 2515 1068 editoris,

599 1084 675 1113 non
716 1071 853 1123 poetae
894 1073 1097 1122 peccatum
1138 1079 1223 1109 esse
1263 1068 1444 1119 apparet3
1490 1080 1615 1119 neque
1649 1068 1732 1119 ipse
1767 1068 1943 1109 Meineke
1979 1069 2057 1109 ista
2092 1080 2223 1109 versus
2259 1070 2386 1120 specie
2423 1072 2516 1114 adeo

599 1126 756 1179 gavisus
785 1125 967 1166 annotat:
1019 1125 1120 1172 ,νῦν
1161 1121 1354 1162 Iacobsius
1395 1121 1558 1163 fortasse
1599 1121 1745 1163 rectius
1786 1133 1875 1163 cum
1917 1123 2164 1174 sequentibus
2206 1122 2377 1174 iunxit“;
2424 1139 2516 1168 sane

598 1179 851 1234 probandum,
880 1179 956 1221 nisi
983 1179 1084 1220 forte
1111 1177 1311 1218 verborum
1339 1176 1512 1217 ordinem
1539 1176 1683 1217 mutari
1710 1178 1903 1228 praestat:
1938 1183 2125 1232 πέραινε.
2153 1181 2231 1221 νῦν
2257 1181 2304 1221 δὲ
2329 1177 2338 1223 Ι
2365 1187 2462 1224 σωθ
2477 1213 2489 1224 .
2504 1215 2515 1225 .

533 1238 573 1280 2.
602 1236 860 1291 Αημιουργός
888 1236 968 1284 1,1:
1012 1239 1065 1276 Tc
1085 1234 1223 1283 τοῦτο,
1248 1238 1354 1283 παῖς
1381 1233 1625 1280 διακονικῶς
1651 1232 1730 1285 γὰρ
1756 1233 1806 1286 νὴ
1832 1236 1911 1273 Δία

534 1294 575 1334 3.
603 1292 658 1331 ib.
680 1290 760 1339 1,⁸:
789 1290 864 1344 τὴν
889 1290 1019 1332 νύκτα
1037 1286 1074 1330 τ’
1103 1285 1422 1342 ἠγρυπνήκαμεν
1449 1299 1460 1310 ·
1484 1290 1555 1327 καὶ
1582 1287 1659 1327 νῦν
1686 1285 1759 1328 ἔτι.

534 1347 573 1387 4.
604 1345 878 1399 Κεκρύφαλος
905 1342 979 1392 2,.:
1015 1343 1144 1406 μύρα,
1173 1342 1410 1396 στεφάνους
1437 1344 1678 1395 ἑτοίμασον,
1707 1343 1893 1391 σπονδὰς
1919 1346 2045 1390 ποίει,
2088 1342 2156 1382 sed
2192 1343 2266 1383 nisi
2303 1345 2516 1394 graviorem

603 1399 860 1451 corruptelam
897 1397 1052 1440 subesse
1085 1396 1245 1444 mdicas,
1281 1396 1587 1437 intercalandum
1621 1398 1715 1448 puto
1750 1398 1838 1447 post
1877 1398 2112 1450 στεφάνους
2140 1394 2182 1437 θ’
2210 1408 2280 1448 pro
2312 1400 2503 1440 “mocula

602 1465 700 1504 quae
729 1453 883 1503 quidem
912 1449 1038 1507 [ΘἛ]
1067 1452 1158 1491 ante
1185 1451 1408 1501 sequentem
1437 1450 1608 1491 litteram
1637 1450 1788 1491 &facile
1816 1451 2048 1492 scribentem
2068 1451 2233 1503 effugere
2251 1453 2393 1504 potuit.
2435 1454 2516 1505 Quo

602 1508 706 1548 facto
736 1506 1030 1559 semiquinariae
1056 1505 1126 1545 illa
1152 1504 1295 1545 vicaria
1322 1503 1444 1546 forma
1471 1504 1603 1546 oritur.

697 1562 848 1603 Pariter
874 1573 938 1603 me
966 1560 1122 1612 quidem
1148 1559 1275 1600 iudice
1302 1559 1602 1599 subveniendum
1630 1560 1708 1601 est:

535 1619 574 1658 5.
604 1620 753 1665 Κόλαξ
778 1616 838 1664 3,e
871 1619 993 1670 ἔγχει.
1017 1620 1142 1663 θεοτς
1162 1612 1405 1668 Ὀλυμπίοις
1428 1627 1563 1639 ·····
1571 1642 1583 1661 ‚
1612 1613 1674 1653 cui
1700 1612 1811 1654 facile
1840 1613 2048 1663 medemur,
2076 1613 2111 1654 si
2137 1619 2261 1665 θεοῖς
2288 1618 2333 1657 ut
2361 1617 2516 1658 elisione

608 1685 653 1713 ex
680 1676 831 1714 θεοῖσι
852 1674 978 1712 ortam
996 1669 1200 1710 scribimus
1217 1666 1374 1711 θεοτέ.
1430 1668 1519 1709 Non
1546 1678 1632 1708 raro
1660 1667 1762 1707 enim
1791 1667 1941 1708 dativus
1969 1668 2129 1719 pluralis
2157 1670 2293 1712 horum
2320 1672 2517 1713 nominum

605 1727 647 1766 in
675 1726 882 1768 a-litteram
909 1725 1000 1766 exit.
1029 1724 1079 1765 cf.
1107 1723 1161 1764 ib.
1191 1722 1267 1774 3,4.

536 1781 575 1823 6.
603 1782 784 1822 Fortasse
812 1780 920 1877 etdin
958 1780 1201 1834 Τροφώνιος
1229 1779 1284 1828 1,ι
1315 1780 1626 1833 ἐνπροσφάτοις
1650 1779 1860 1830 ἰχθυδίοις
1887 1782 2161 1832 τεθραμμένα
2186 1780 2429 1820 scribendum
2458 1782 2517 1821 est

602 1854 637 1879 π
663 1849 718 1879 οσ
753 1837 848 1878 droa
892 1867 902 1877 .

534 1890 574 1931 7.
602 1853 788 1933 uienssv
815 1890 890 1939 1,n
923 1892 1071 1944 λαβεῖν
1095 1886 1172 1942 ἔμ’,
1200 1889 1643 1937 ἐκκαιδεκατάλαντον,
1672 1881 1818 1929 donat.

535 1945 574 1986 8.
607 1947 851 2001 Τροφώνιος
881 1944 976 1995 1,ιι.
1007 1945 1257 1993 κάνδαυλον,
1284 1941 1617 1998 ὖποβινητιῶντα
1643 1944 1857 1996 βρώματα.

537 2000 575 2041 9.
599 1998 917 2055 Ὑποβολιμαῒος
931 2000 956 2052 ἢ
974 2000 1168 2053 ἄγροικος
1186 1998 1249 2039 12.
1271 1996 1324 2048 ὥς
1340 2000 1468 2052 μηδὲν
1493 1996 1840 2052 ἀποκρινουμένῳ
1868 1993 2022 2039 δὀῧτω
2041 2000 2199 2049 λαλεῖν,
2215 1999 2281 2050 qui
2294 2011 2425 2040 versus
2441 2012 2462 2040 e
2476 2012 2516 2039 re

600 2056 763 2097 metrica
776 2067 852 2097 non
865 2056 993 2097 minus
1006 2066 1122 2106 prave
1136 2052 1281 2093 incedit
1294 2054 1456 2104 probata
1469 2052 1624 2093 editoris
1640 2053 1857 2092 coniectura
1871 2069 1917 2094 w
1923 2056 2003 2106 ύτφ
2024 2053 2108 2105 (pro
2123 2053 2288 2108 δὀῧτω)
2307 2055 2334 2096 i.
2354 2067 2387 2096 e.
2408 2059 2515 2110 ἐμοί.

518 2110 583 2150 10.
613 2110 765 2152 fabulae
781 2110 954 2151 incertae
972 2108 1053 2159 3‚n
1085 2110 1158 2163 τὴν
1175 2110 1302 2151 πόλιν
1316 2108 1429 2164 ὅλην.
1448 2110 1490 2151 οἱ
1506 2110 1757 2163 βουλόμενοι
1785 2109 1938 2162 ταύτην
1963 2111 2123 2161 λαβεῖν,
2150 2122 2240 2149 nam
2268 2110 2421 2149 articuli
2448 2122 2517 2150 vox

601 2177 690 2206 cum
717 2165 875 2206 nomine
913 2175 981 2204 suo
1017 2175 1136 2204 unum
1173 2165 1213 2203 in
1249 2164 1466 2203 membrum
1502 2163 1719 2203 coalescens
1756 2173 1800 2202 eo
1827 2163 1955 2203 minus
1991 2163 2055 2203 hic
2092 2165 2180 2214 post
2215 2176 2257 2204 se
2293 2164 2516 2205 incisionem

600 2218 686 2258 fieri
711 2219 871 2270 patitur,
902 2217 1004 2269 quod
1030 2218 1160 2269 gravis
1187 2217 1445 2269 interpunctio
1472 2216 1677 2258 antecedit.

515 2272 579 2315 11.
608 2272 686 2314 fab.
720 2273 797 2314 inc.
837 2272 910 2321 6,.:
958 2273 1169 2327 γράφουσι
1211 2274 1286 2314 τὸν
1328 2277 1563 2326 Προμηθέα
1605 2278 1710 2326 πρὸς
1745 2279 1837 2322 ταῖς
1871 2278 2056 2327 πέτραις,
2096 2283 2229 2313 verum
2271 2272 2418 2313 conicio
2459 2272 2517 2313 ita

601 2327 788 2378 scriptum
821 2338 922 2368 esse:
965 2327 1179 2382 γράφουσι
1213 2332 1385 2381 πέτραις
1418 2328 1492 2369 τὸν
1518 2332 1754 2381 Προμηθέα
1780 2334 1896 2369 ποτέ.

534 2391 801 2443 Comprobatis
811 2392 933 2443 igitur
945 2392 1006 2440 iis,
1022 2403 1119 2442 quae
1131 2392 1181 2432 ad
1195 2386 1383 2432 sanandos
1397 2403 1527 2432 versus
1540 2392 1808 2443 proposuimus
1821 2392 1971 2433 restant
1983 2392 2155 2432 tantum:
2170 2390 2210 2439 2,
2225 2392 2264 2440 3,
2279 2391 2318 2440 7,
2334 2391 2373 2438 8.
2389 2391 2428 2440 9,
2450 2391 2514 2440 10,

403 2457 563 2496 quorum
593 2445 631 2495 7,
661 2443 700 2494 8,
730 2444 757 2488 9
784 2456 830 2486 ex
857 2445 977 2498 longo
1005 2445 1111 2487 vocis
1137 2445 1299 2487 alicuius
1327 2445 1453 2486 medio
1481 2446 1522 2486 in
1551 2458 1662 2486 versu
1689 2447 1836 2498 positae
1867 2447 2017 2487 ambitu
2049 2446 2330 2487 excusationem
2357 2446 2515 2488 habent.

534 2499 617 2540 Nec
644 2512 721 2540 non
749 2500 912 2541 alteram
946 2500 1058 2541 illam
1085 2500 1213 2553 legem
1251 2500 1353 2552 apud
1380 2499 1637 2541 Menandrum
1672 2501 1713 2541 in
1750 2502 1916 2541 caesuris
1954 2500 2168 2541 statuendis
2205 2501 2329 2541 valere
2364 2501 2514 2541 videas:

401 2556 446 2595 ut
473 2554 695 2606 principalis
721 2554 856 2596 incisio
883 2555 1108 2606 rhythmica
1134 2555 1198 2603 sit,
1228 2566 1326 2606 quae
1354 2556 1444 2595 aute
1472 2555 1632 2595 tertiam
1659 2555 1803 2599 thesim
1830 2554 1997 2605 incidat3
2034 2555 2249 2608 proximum
2276 2568 2365 2597 vero
2392 2568 2515 2607 neque

400 2610 459 2649 ita
500 2608 721 2649 inferiorem
759 2609 887 2650 locum
928 2609 1012 2653 sibi.
1044 2610 1224 2651 autumat
1265 2609 1591 2662 semiseptenaria,
1645 2610 1745 2661 quod
1786 2610 2033 2652 confirmatur
2073 2611 2158 2659 hac,
2210 2623 2326 2661 quam
2362 2611 2516 2650 subesse

401 2664 628 2714 invenimus,
657 2675 901 2706 numerorum
927 2665 1097 2706 ratione:
1126 2664 1209 2707 466
1226 2680 1235 2704 ε
1251 2664 1346 2706 355.

535 2718 611 2768 Qui
638 2718 789 2759 numeri
815 2729 893 2759 non
919 2719 979 2760 ita
1004 2729 1146 2771 paucos
1172 2730 1304 2760 versus
1331 2718 1670 2771 comprehendunt,
1713 2731 1807 2771 quos
1834 2719 1947 2760 facile
1974 2730 2153 2760 caesurae
2179 2718 2329 2759 mediae
2355 2719 2514 2768 tribuas,

402 2773 476 2813 nisi
503 2785 545 2814 re
572 2773 670 2823 bene
698 2771 884 2813 distincta
918 2784 1009 2813 vera
1043 2773 1157 2814 huius
1191 2773 1249 2814 rei
1276 2773 1450 2825 exempla
1485 2773 1535 2815 ab
1562 2773 1623 2824 iis,
1667 2785 1765 2826 quae
1801 2785 1883 2815 esse
1920 2773 2109 2823 videntur,
2152 2785 2281 2814 severe
2317 2773 2513 2814 discernis.

401 2828 558 2868 Etenim
576 2839 653 2868 non
671 2826 812 2877 media,
840 2826 909 2868 sed
926 2826 1249 2878 hephtbemimeri
1268 2828 1369 2869 caefi
1386 2828 1521 2869 haberi
1539 2828 1680 2869 debent
1698 2828 1727 2869 ii
1745 2840 1888 2878 versus,
1918 2840 2078 2879 quorum
2100 2828 2243 2869 incisus
2270 2827 2380 2869 tertii
2405 2828 2515 2879 pedis

402 2882 490 2923 finis
518 2882 647 2933 aliquo
673 2881 789 2922 modo
816 2881 1013 2933 obtegitur
1039 2882 1119 2923 sive
1146 2883 1376 2935 apostrophe
1394 2883 1475 2923 sive
1492 2882 1756 2935 monosyllaba
1776 2894 1882 2923 voce.
1930 2883 2116 2925 Omnibus
2135 2884 2264 2923 autem
2283 2882 2344 2922 his
2362 2882 2445 2922 iure
2465 2882 2514 2922 ab
2574 2896 2582 2905 ·

402 2936 475 2977 hoc
503 2936 587 2977 loco
614 2936 775 2977 seclusis
802 2934 858 2978 68
885 2935 1059 2986 exempla
1086 2948 1265 2977 caesurae
1291 2936 1442 2978 mediae
1469 2938 1685 2989 supersunt,
1728 2948 1825 2988 quae
1853 2948 2074 2978 enumerare
2100 2936 2211 2977 nobis
2238 2937 2316 2976 iam
2344 2936 2473 2976 liceat.
2483 2936 2514 2986 ¹)

407 3085 415 3093 ·
481 3086 488 3093 .
540 3044 566 3086 ¹)
588 3044 763 3079 Fortasse
774 3043 835 3078 hic
847 3047 887 3078 et
897 3042 990 3077 alias
1000 3042 1102 3078 locos
1115 3043 1216 3088 ipsos
1230 3053 1297 3088 pro
1307 3043 1467 3079 numeris
1479 3043 1676 3087 desideras3
1701 3047 1740 3080 et
1754 3043 1868 3087 doleo,
1883 3043 1981 3089 quod
1995 3043 2274 3079 difficultatibus
2289 3043 2509 3088 necopinato

403 3096 443 3123 in
464 3086 556 3121 libro
580 3087 678 3133 typis
701 3086 939 3123 exscribendo
962 3086 1100 3123 coortis
1122 3087 1317 3125 maximam
1338 3092 1481 3133 partem
1503 3089 1678 3123 orationis
1700 3100 1853 3133 graecae
1876 3088 2113 3132 exstinguere
2136 3091 2288 3123 coaetus
2311 3097 2401 3126 sum,
