2810 3529
1264 198 1485 237 -Π-

303 308 448 357 poetas,
490 306 536 345 ut
563 305 690 356 primo
724 306 864 346 obtutu
890 317 1110 358 cognoscas,
1155 305 1320 344 multum
1353 306 1403 344 ab
1430 305 1615 357 Aeschyli
1643 304 2183 358 Sophoclisque-abstinentia
2207 310 2425 349 recessisse.

303 358 459 402 Etenim
488 370 578 403 cum
604 359 648 401 hi
683 383 736 390 —
771 371 862 401 nam
899 371 994 412 quas
1027 359 1132 411 leges
1159 357 1396 411 Aeschylum
1421 368 1592 401 servasse
1629 359 1689 400 vir
1715 358 1961 403 doctissimus
1988 360 2179 404 Oberdick
2187 360 2218 417 ¹)
2246 364 2425 406 accurate

302 413 596 466 luculenterque
622 414 815 463 disseruit,
844 414 1000 456 eaedem
1026 413 1106 454 fere
1133 411 1336 465 Sophoclis
1363 414 1455 453 sunt
1482 412 1657 466 (excepto
1686 413 1925 468 Philoctete)
1951 438 2002 445 —

439 469 477 512 1.
506 469 616 511 tertii
644 471 685 510 et
712 469 842 521 quarti
867 469 1021 509 tantum
1047 466 1157 519 pedis
1182 467 1324 521 thesi¹)
1352 467 1467 519 idque
1486 479 1564 509 non
1590 468 1666 509 nisi
1695 479 1852 510 caesura
1880 473 2081 521 praesente
2109 471 2274 512 formam
2302 472 2424 524 bisyl-

506 523 638 566 labam
663 523 842 577 legitime
869 521 1025 564 concedi
1052 520 1185 570 velint,

439 579 479 621 2.
509 578 673 632 sparsim
699 577 867 630 primum
894 576 1032 628 pedem
1059 575 1287 626 dissolvant,

440 632 479 677 3.
508 633 676 686 reliquos
703 643 827 674 meros
856 632 1101 684 componant.
1356 651 1359 654 -

438 689 477 730 4.
506 689 585 729 fere
612 687 737 728 solum
764 685 1028 740 tribrachyn⁸)
1056 686 1285 736 admittant,
1316 687 1481 739 denique

439 743 477 785 5.
508 741 607 794 quod
635 740 685 783 ad
711 739 882 793 syllabas
910 739 1064 790 attinet,
1094 740 1233 792 quibus
1251 740 1391 783 solutio
1421 740 1521 783 effici
1543 743 1682 793 potest,
1712 742 1969 784 severissimas
1987 741 2094 795 leges
2117 742 2192 783 sibi
2209 743 2422 795 imponant,

503 795 625 837 nostri
652 795 767 847 longe
794 795 911 836 aliam
938 806 1114 836 normam
1147 796 1240 837 sunt
1272 796 1418 844 secuti;
1459 807 1551 837 nam
1578 797 1622 836 ut
1651 808 1674 837 a
1701 796 1906 848 primariae
1944 808 2122 838 caesurae
2158 796 2245 838 loco
2285 797 2422 846 ordiar,

502 849 1054 956 Ξὲῗῃὲἰήέἒῖοὲἱωςωὼ
1010 850 2105 958 ”⁰³2055310ffimpiu⁰m¹¹³¹¹³¹⁶h¹f13³1¹>¹²ini⁸zssss¹i¹i⁰32ss
2124 852 2312 961 &3⁰5⁸
2319 850 2424 947 ..333

503 959 657 1001 cadunt.
714 958 804 1002 Non
831 960 1018 1011 respuunt
1056 960 1179 1012 igitur
1216 960 1353 1001 comici
1391 961 1652 1011 anapaestum,
1696 961 1758 1001 cui
1795 961 1968 1013 tragicos
2004 961 2132 1002 locum
2168 972 2245 1003 non
2273 960 2424 1002 dedisse

504 1026 619 1066 supra
646 1013 826 1055 vidimus.
884 1014 1014 1066 Atque
1042 1026 1087 1055 ex
1114 1014 1287 1055 thesibus
1316 1013 1395 1053 illis
1421 1013 1610 1064 plurimus
1639 1014 1794 1065 quidem
1822 1026 2014 1065 numerus,
2057 1027 2133 1056 non
2162 1027 2250 1057 vero
2279 1027 2422 1065 omnes,

502 1067 604 1119 quod
630 1068 692 1108 lex
721 1068 995 1119 postulaverat,
1023 1070 1113 1120 post
1140 1079 1335 1108 caesuram
1364 1069 1454 1108 sunt
1481 1067 1692 1119 bisyllabae
1720 1067 1851 1121 (103),
1883 1069 2148 1120 duodeviginti
2168 1072 2299 1111 autem
2323 1082 2425 1120 quae

501 1123 651 1163 restant
678 1123 810 1163 theses
838 1122 945 1162 nulla
972 1121 1221 1162 antecedente
1251 1122 1437 1162 incisione
1464 1121 1678 1162 invenimus
1707 1122 1865 1162 solutas.

635 1177 780 1217 Verum
818 1178 953 1217 neuter
988 1187 1117 1216 eorum
1154 1175 1204 1215 ad
1243 1188 1327 1216 eam
1366 1174 1564 1217 licentiam
1601 1188 1823 1228 progressus
1852 1179 1923 1226 est,
1952 1179 1997 1218 ut
2024 1177 2421 1228 proceleusmaticum,

505 1231 571 1283 qui
610 1232 780 1280 vocatur,
824 1231 898 1271 sibi
934 1230 1164 1282 indulgeret.
1221 1230 1305 1270 lam
1342 1229 1497 1282 singula
1533 1241 1762 1283 exponamus
1804 1233 1919 1284 atque
1956 1231 2124 1284 primum
2161 1230 2316 1283 quidem
2358 1243 2422 1272 eos

339 1342 361 1384 1
407 1297 647 1384 Philveli-(esus,
676 1297 838 1382 {mum
866 1285 963 1327 arsis
991 1285 1238 1326 constituitur
1266 1285 1367 1326 binis
1395 1284 1555 1336 syllabis
1584 1297 1899 1338 percenseamus:
1929 1286 2090 1340 Legitur

368 1373 377 1383 .
499 1372 509 1382 .
596 1359 623 1390 ,ι

502 1342 715 1448 βασίλιὲὅ
743 1341 1125 1448 &galnapes-*vos
1153 1391 1209 1435 ἂν
1236 1391 1343 1435 οὕτω
1371 1394 1483 1449 τύχῃ.

505 1451 548 1493 Si
576 1453 625 1493 ab
653 1451 726 1492 hoc
754 1461 866 1492 versu
893 1462 1034 1492 novam
1062 1450 1294 1491 sententiam
1322 1450 1491 1502 incipere
1525 1451 1732 1491 statuimus
1770 1462 1892 1502 neque
1927 1451 2055 1502 potius
2094 1451 2256 1502 ignobili
2294 1451 2421 1502 aliquo

400 1508 516 1559 atque
553 1507 700 1548 remoto
741 1505 882 1558 oppido
924 1505 1071 1547 amicae
1114 1505 1312 1546 nominato
1352 1506 1520 1546 militem
1561 1505 1680 1545 etiam
1722 1505 1930 1557 Babylonis
1969 1517 2132 1556 regnum
2174 1505 2422 1556 pollicentem

398 1561 553 1603 finxisse
574 1562 692 1613 poeta
709 1559 962 1611 existimatur,
991 1571 1061 1612 pro
1080 1562 1347 1614 βασιλίσσαις
1364 1559 1390 1613 ἢ
1417 1559 1508 1599 libri
1528 1565 1558 1600 Α
1578 1559 1813 1600 levissimam
1831 1559 2086 1601 mutationem
2113 1556 2325 1613 poeotzaod
2347 1562 2422 1624 ἔσῃ

399 1615 546 1657 Bentlii
574 1615 636 1656 vel
664 1614 766 1667 quod
794 1613 918 1656 editor
944 1615 1092 1666 recepit
1122 1616 1274 1667 probari
1302 1626 1456 1655 necesse
1485 1616 1556 1661 est,
1587 1625 1630 1653 ex
1658 1625 1699 1654 re
1725 1615 1886 1655 metrica
1904 1616 2010 1655 certe
2028 1626 2099 1655 nec
2118 1615 2244 1655 verbis
2266 1615 2421 1656 traditis

401 1670 607 1722 quicquam
651 1670 804 1709 obstare
848 1669 985 1709 elucet.
1056 1668 1241 1709 Videmus
1289 1674 1419 1709 autem
1461 1668 1597 1718 pedem
1645 1668 1804 1708 tertium
1847 1669 1997 1708 nomine
2040 1669 2173 1720 propio
2216 1670 2420 1720 expletum,

401 1724 510 1765 cuius
536 1725 624 1776 post
652 1723 798 1763 exitum
827 1733 958 1763 versus
986 1722 1300 1773 semiseptenaria
1327 1721 1524 1762 inciditur.

333 1777 372 1820 2.
401 1777 504 1820 Phil.
535 1777 601 1821 51.
644 1778 692 1821 sd
719 1778 878 1820 κανοῦν
906 1774 942 1820 6’
970 1774 993 1819 ὅ
1023 1783 1122 1827 παῖς
1149 1782 1330 1832 neptum
1430 1777 1564 1825 άλλως
1595 1777 1700 1829 ἔχων
1742 1776 1860 1817 simili
1899 1775 2012 1817 modo
2056 1777 2171 1828 atque
2213 1776 2252 1817 in
2292 1777 2417 1828 priore

401 1845 512 1873 versu
541 1834 679 1873 tertius
706 1845 773 1883 pes
802 1845 890 1872 cum
919 1834 1057 1883 quarta
1085 1833 1161 1872 arsi
1190 1844 1280 1872 voce
1309 1792 1593 1882 qum-isyllaba
1621 1832 1832 1871 conficitur.
1875 1831 1990 1871 item:

332 1887 370 1929 3.
428 1910 482 1917 -—
569 1884 649 1936 12„
685 1888 826 1941 γυμνῷ
855 1886 1048 1942 φυλακὴν
1075 1890 1283 1935 ἐπίταττε,
1312 1890 1383 1928 καὶ
1411 1886 1480 1928 διὰ
1509 1886 1648 1937 mciv,

332 1942 371 1983 4.
430 1964 481 1970 ——
567 1941 652 1990 88,·
685 1943 761 1984 τὸν
787 1942 866 1995 γὰρ
893 1945 988 1995 βίον
1015 1946 1237 1995 περίεργον
1265 1943 1324 1988 οἷς
1349 1942 1402 1983 τὰ
1429 1938 1549 1983 πάντ’
1580 1942 1684 1992 ἔχων

333 1996 371 2039 5.
431 2020 482 2026 -
567 1996 652 2045 95,ι
686 1999 844 2039 ἆλσο-Ν
869 2012 941 2046 ους
981 1999 1153 2052 ἐποίησε
1192 1997 1353 2046 πάντας
1393 1997 1441 2060 τῇ
1482 1996 1624 2050 φύσει,
1667 1994 1734 2036 sed
1762 1995 1868 2036 totus
1896 1994 2013 2043 locus,
2041 1993 2142 2036 unde
2175 1994 2320 2046 petitus
2349 1995 2419 2043 est,

402 2051 644 2103 corruptelae
671 2053 787 2103 atque
817 2013 1072 2092 additamenti
1100 2050 1255 2103 quidem
1282 2051 1505 2091 recentloris
1533 2051 1789 2102 suspicionem
1816 2050 1956 2098 movet,

331 2106 370 2147 6.
428 2127 480 2134 -
569 2105 678 2153 149,ι
712 2105 815 2148 ὅσαι
840 2111 984 2158 cmm
1010 2107 1218 2158 γεγόνασι,
1244 2107 1410 2154 ταύτας,
1438 2101 1470 2146 ὦ
1497 2105 1635 2158 Λάχης

331 2158 371 2200 7.
411 2159 527 2211 Diph.
570 2158 675 2209 32011
710 2163 766 2216 ιῆ
794 2163 923 2216 δημίῳ
949 2161 1201 2215 παρέδωκαν
1228 2157 1371 2203 αὖτόν.
1392 2156 1621 2223 Ἠράκλεις

331 2213 372 2254 8.
430 2236 483 2243 -
568 2213 675 2262 43...
708 2210 793 2255 ἀπὸ
824 2214 1047 2267 συμβολῶν
1075 2213 1313 2265 συνάγοντα
1340 2212 1389 2266 νὴ
1417 2216 1469 2253 Δι’
1512 2213 1635 2265 ἕτερά
1662 2227 1746 2252 που

332 2268 369 2309 9.
430 2291 481 2298 —-
510 2316 512 2318 ,
570 2268 650 2318 14,ι
703 2266 911 2321 ὀργίζεται
918 2283 935 2317 ,·
957 2267 1191 2321 παράσιτος
1214 2265 1274 2309 ὧν
1300 2264 1519 2321 ὀργίζεται
1530 2283 1545 2316 ,·
1582 2265 1672 2306 huic
1711 2266 1887 2306 trimetro
1925 2265 1996 2306 soli
2037 2266 2154 2307 etiam
2188 2266 2237 2306 ab
2266 2276 2421 2307 caesura

400 2322 609 2364 difficultas
636 2323 770 2370 oritur,
800 2322 875 2362 nisi
902 2321 1002 2362 forte
1031 2320 1089 2362 ὤν
1118 2334 1140 2361 a
1169 2322 1297 2363 nomie
1325 2333 1393 2361 suo
1422 2320 1570 2371 diiungi
1597 2321 1679 2360 leve
1708 2323 1833 2372 putas.

271 2417 273 2419 .
306 2376 370 2421 10.
428 2399 479 2407 -
565 2377 649 2427 91,ι
701 2373 751 2429 ἣν
778 2374 868 2420 οὐδ’
895 2374 917 2418 ὃ
945 2377 1080 2431 πατὴρ
1108 2378 1307 2433 ἐφίλησεν
1333 2374 1616 2419 abdominum.

505 2432 633 2473 Aliter
660 2441 722 2473 res
750 2443 792 2472 se
820 2431 939 2472 habet
966 2431 1007 2470 in

306 2485 371 2528 11.
415 2485 518 2528 Phil.
561 2484 647 2535 64..
698 2483 1017 2550 rpl'u‘fflwssola'
1035 2489 1136 2528 ἐσσί.
1187 2487 1344 2538 χαλκοῦ
1386 2487 1551 2539 θερμὸν
1589 2482 1650 2538 ἦν,
1696 2485 1803 2525 ouius
1850 2486 1937 2536 post
1984 2484 2087 2525 arsin
2133 2484 2300 2525 solutam
2350 2494 2422 2524 vox

400 2540 644 2590 terminatur,
674 2542 720 2581 ut
746 2540 883 2582 incisio
912 2539 1099 2593 quaedam
1128 2539 1222 2588 fiat3
1261 2551 1491 2592 quamquam
1520 2541 1561 2581 et
1587 2539 1661 2581 hoc
1688 2538 1906 2591 exemplum
1935 2549 2022 2580 cum
2050 2539 2110 2587 iis,
2141 2549 2238 2590 quae
2266 2539 2421 2579 antece-

405 2594 514 2643 dunt,
546 2595 604 2635 ita
631 2595 822 2648 congruit,
860 2595 906 2635 ut
932 2595 1048 2635 verba
1075 2591 1301 2649 ἥμιώβολι’
1333 2596 1373 2635 et
1401 2597 1496 2636 Cart
1522 2605 1610 2634 cum
1638 2592 1795 2634 elisione
1821 2595 1907 2634 tum
1935 2592 2068 2634 enclisi
2095 2593 2136 2633 in
2164 2604 2283 2633 unum
2312 2592 2422 2644 quasi

404 2648 609 2699 confluant,
648 2661 722 2704 quo
753 2649 856 2691 facto
894 2649 958 2690 hic
986 2660 1117 2690 versus
1145 2660 1265 2701 aeque
1293 2650 1410 2700 atque
1437 2648 1496 2689 illi
1526 2647 1839 2700 semiseptenaria
1867 2647 2040 2688 caeditur
2069 2648 2183 2699 atque
2211 2646 2316 2688 omni
2343 2645 2420 2686 fere

402 2704 608 2746 offensione
663 2717 688 2744 u
759 2706 838 2745 tur.

306 2757 370 2799 12.
403 2758 503 2799 Phil.
531 2758 617 2807 ‘13ss
635 2716 815 2803 Ρτὶεἰῦν
841 2765 977 2810 ποιεῖς
1000 2761 1155 2809 πλέως
1195 2765 1226 2801 Α
1252 2754 1390 2801 οόδέν.
1418 2755 1443 2812 ἦ
1470 2759 1580 2813 λύπη
1606 2755 1742 2811 δ’ἴχσι.
1798 2757 1906 2796 Haec
1948 2756 2137 2808 scriptura
2178 2768 2254 2797 non
2295 2755 2423 2795 minus

402 2823 518 2864 quam
546 2812 638 2854 libri
664 2821 697 2858 A
721 2814 855 2856 verba:
899 2819 943 2857 tl
965 2809 1044 2857 οὖν
1068 2820 1190 2864 ποεῖς
1218 2815 1370 2865 πλόου
1410 2809 1548 2856 oddar.
1574 2809 1599 2867 ἦ
1625 2813 1736 2868 λύπη
1762 2825 1789 2855 σ
1808 2809 1914 2866 ’Ῑχει
1951 2810 2127 2863 rhythmi
2161 2810 2268 2862 loges
2301 2820 2347 2850 oa
2382 2821 2423 2850 re

400 2867 534 2917 violat,
574 2868 676 2919 quod
715 2870 804 2921 post
841 2867 1072 2922 bisyllabam
1100 2868 1202 2911 arsin
1239 2870 1281 2910 et
1319 2868 1514 2910 enunciati
1548 2866 1636 2910 finis
1663 2869 1704 2911 et
1732 2878 1889 2910 caesura
1917 2867 1990 2916 est,
2032 2866 2077 2907 ut
2104 2864 2245 2908 solutio
2272 2864 2424 2905 numeri

400 2921 594 2964 defluxum
622 2923 840 2966 accelerans
867 2924 908 2964 et
935 2934 1092 2965 caesura
1119 2922 1321 2966 retardans
1349 2924 1484 2965 contra
1511 2924 1696 2975 pugnent,

441 3030 453 3048 ¹
487 3028 679 3067 Kritisehe
701 3030 858 3066 Studien
878 3034 949 3067 etc.
972 3030 1003 3067 Ι.
1024 3030 1235 3072 machon,
1257 3031 1427 3065 Munster
1450 3033 1538 3067 18⁸4
1551 3041 1594 3080 J).
1615 3033 1660 3067 85
1682 3040 1735 3073 sq.

439 3031 466 3159 ἐ
487 3072 632 3128 Μ.
647 3073 731 3128 dico
753 3078 795 3111 et
813 3073 876 3110 hic
898 3078 938 3110 et
945 3084 1025 3152 lper
1046 3078 1167 3110 totum
1187 3073 1352 3110 libellum
1374 3083 1456 3109 eam
1477 3072 1580 3119 pedis
1603 3076 1755 3117 partem,
1779 3082 1873 3117 quae
1897 3072 2013 3107 ictum
2034 3071 2117 3106 fert.

489 3117 600 3154 Errat
620 3122 737 3166 igitur
757 3116 925 3154 Schmidt
962 3145 970 3152 .
993 3117 1016 3152 l.
1039 3128 1073 3164 p.
1096 3120 1151 3155 4⁶1.
