2810 3529
1204 191 1250 199 —
1281 168 1404 212 XVII
1433 194 1483 202 —-

298 349 365 391 ⁹72.
386 348 543 400 Ἆρρηφ.
569 350 627 396 6,,
652 347 663 402 Ι
689 347 711 386 ὅ
738 347 914 397 λαλήσων.
951 349 955 401 Ι
996 351 1059 392 73.
1086 352 1224 388 Βοιωτ.
1243 350 1266 389 4
1296 349 1300 401 Ι
1328 350 1383 399 psi
1409 349 1471 388 τόν
1500 350 1505 402 Ι
1551 350 1615 390 74.
1642 348 1811 400 Γεωργός
1838 349 1896 395 2,.
1927 352 1933 401 Ι
1960 347 1981 386 ὁ
2000 349 2042 387 ω’
2069 349 2075 400 Ι
2114 350 2177 391 75.
2196 355 2308 389 Λυσι.
2337 349 2407 399 3,(

297 401 319 439 ὁ
337 402 426 447 θεός
453 401 459 453 Ι
503 402 567 442 76.
589 399 764 451 Ἐμπιπι».
783 402 810 441 4
834 400 845 455 Ι
871 402 912 439 τό
935 405 1104 450 γενέσθαι
1131 400 1140 455 Ι
1183 402 1247 443 77.
1271 401 1451 451 Ἐπικληρ.
1482 406 1537 448 1..
1565 402 1628 440 τόν
1644 401 1801 450 ἐμαυτοῦ
1828 400 1837 454 Ι
1866 402 1930 442 78.
1956 403 2192 452 Θεοφορουμ.
2218 404 2296 451 2,..
2325 402 2334 455 Ι
2360 402 2399 441 ἐν

296 453 411 545 ἑτέρᾳί
426 452 458 544 'b
473 454 537 495 79.
565 452 723 545 Καρεχηδ.
740 452 806 543 4δεΙ
831 453 900 491 ἀπ’
918 454 1065 506 ἀρίστου
1105 452 1116 508 Ι
1152 454 1219 494 80.
1247 457 1399 505 Κυβερυ.
1419 456 1481 504 2,.
1509 453 1521 508 Ι
1546 454 1605 504 ἐφ’
1630 454 1771 499 ἑαυτοῖς
1817 452 1826 506 Ι
1865 455 1929 494 81.
1951 452 2063 504 'Ocra'
2093 457 2146 504 1,.
2174 453 2184 507 Ι
2222 454 2261 492 ἒν
2285 453 2403 504 &ur-3»

353 504 805 555 .a.inc.1,.6*
1800 520 1802 522 ·

430 558 547 599 Haud
573 557 841 610 infrequentes
867 562 960 599 sunt
987 559 1104 600 huius
1127 571 1286 612 quoque
1313 559 1437 600 thesis
1463 559 1690 607 solutiones,
1718 559 1791 598 sed
1818 558 2034 599 maximam
2061 563 2217 609 partem
2250 570 2273 599 e
2311 560 2398 610 lege

297 613 484 663 syllabae,
508 613 652 663 quibus
673 613 907 661 efficiuntur,
930 614 970 651 in
992 615 1108 653 unius
1130 615 1240 654 vocis
1261 615 1416 653 initium
1438 615 1601 661 cadunt,
1618 625 1710 652 raro
1728 614 1792 651 vel
1809 614 1965 651 articuli
1980 614 2043 651 vel
2060 614 2400 662 praepositionum

297 667 517 717 particulae
545 679 638 707 cum
664 667 794 717 prima
821 679 979 718 quaque
1007 668 1212 710 nominum
1239 680 1404 708 suorum
1431 667 1582 718 syllaba
1609 667 1688 707 hoc
1716 677 1882 707 munere
1910 665 2137 717 fungumtur,
2160 670 2222 707 ter
2243 670 2401 707 tantum

296 722 415 761 binae
436 722 604 761 voculae
626 722 757 773 quarti
779 721 891 772 pedis
913 721 1031 762 finem
1052 727 1245 773 usurpant
1267 734 1317 763 ac
1338 722 1413 762 sibi
1435 723 1647 770 vindicant,
1669 733 1791 772 quam
1813 721 2000 761 duritiem
2020 722 2104 761 sive
2126 721 2398 772 neglegentiae

297 777 472 816 auctoris
493 777 577 815 sive
598 776 788 816 librorum
811 776 1083 827 depravationi
1104 778 1277 828 imputas
1298 777 1491 817 rariorem
1512 788 1600 816 esse
1622 776 1878 825 concesseris,
1894 788 2018 827 quam
2034 780 2079 816 ut
2095 780 2240 827 poetae
2256 777 2296 816 in
2319 776 2398 817 hoc

296 830 400 880 pede
427 830 637 880 pangendo
666 834 794 869 artem
821 831 860 869 in
889 831 1053 870 dubium
1080 843 1226 871 vocare
1254 832 1390 881 possit.
1445 830 1559 870 Adde
1587 831 1695 879 quod
1722 831 1907 869 omnibus
1934 831 2018 870 fere
2046 832 2108 869 his
2136 831 2403 870 solutionibus*

297 883 473 935 (praeter
504 884 565 932 14,
596 883 643 923 cf.
672 883 710 933 3,
740 884 776 933 7,
806 885 870 933 21,
899 885 936 934 4,
965 885 1003 935 8,
1035 885 1097 935 18,
1126 886 1190 936 20,
1219 885 1284 935 28,
1313 886 1379 935 41,
1407 884 1473 934 45,
1501 883 1567 934 52,
1595 882 1661 933 53,
1690 884 1753 934 54,
1788 883 1857 936 61)
1892 885 2218 936 semiseptenaria
2251 885 2397 936 princi-

297 940 397 989 palis
426 950 593 978 caesura
620 940 896 989 praemittitur.

429 993 498 1032 His
517 993 734 1042 disputatis,
758 994 853 1043 quia
874 1006 984 1033 arses
1006 998 1049 1033 cb
1068 995 1201 1033 theses
1223 1006 1405 1033 scorsum
1427 997 1655 1043 spectantes
1677 1004 1758 1031 non
1780 994 1854 1031 nisi
1877 994 2035 1042 passim,
2059 994 2154 1043 quid
2177 994 2398 1034 intercedat

295 1046 399 1086 inter
413 1047 602 1098 dactylos,
616 1046 851 1097 tribrachos,
866 1052 1105 1098 anapaestos
1119 1052 1239 1098 atque
1261 1048 1463 1098 quomodo
1486 1047 1639 1097 singuli,
1653 1049 1773 1097 atque
1796 1047 1996 1097 imprimis,
2019 1048 2219 1097 tribrachi,
2237 1048 2396 1087 formati

296 1102 386 1149 sint,
414 1105 534 1140 antea
562 1102 878 1142 animadvertere
906 1104 1118 1152 potuimus,
1145 1114 1252 1142 nunc
1280 1106 1461 1141 nostrum
1488 1106 1549 1141 est
1578 1103 1652 1140 has
1679 1113 1744 1141 res
1773 1102 1908 1151 paucis
1937 1103 2107 1151 quidem,
2141 1103 2213 1142 sed
2239 1103 2398 1142 ratione

297 1159 339 1195 et
360 1156 425 1196 via
453 1155 670 1197 absolvere.
726 1156 858 1208 Atque
885 1161 1144 1209 quantopere,
1171 1168 1223 1197 ne
1251 1168 1322 1207 pes
1349 1157 1489 1196 tertius
1517 1167 1608 1195 cum
1632 1159 1775 1207 quarto
1799 1155 2076 1206 confundatur,
2100 1157 2322 1197 cavendum
2345 1158 2400 1196 sit

295 1211 405 1248 nulla
431 1222 475 1249 re
503 1212 642 1249 melius
669 1212 899 1259 illustratur;
928 1220 1023 1250 nam
1051 1201 1197 1261 dactyli
1224 1212 1394 1250 sormam
1428 1224 1521 1249 cum
1560 1212 1599 1249 in
1639 1212 1740 1259 pede
1768 1210 1827 1249 111.
1867 1215 1907 1249 et
1934 1211 2112 1250 Philemo
2140 1211 2397 1262 Diphilusque

296 1267 337 1304 et
358 1263 575 1305 Menander
594 1268 658 1305 sat
673 1264 901 1317 frequenter
917 1265 1158 1315 admiserint,
1175 1268 1319 1317 quarto
1341 1262 1502 1315 tragicis
1518 1275 1643 1316 prope
1664 1264 1838 1304 severius
1856 1264 2064 1315 denegant.
2083 1264 2199 1315 Quod
2216 1266 2402 1317 quamvis

295 1320 430 1369 magni
452 1320 503 1358 sit
524 1320 576 1358 ad
599 1323 727 1359 artem
749 1321 928 1359 criticam
949 1321 1214 1360 exercendam
1224 1321 1426 1368 momenti,
1437 1324 1572 1359 tamen
1589 1331 1671 1358 non
1688 1324 1771 1358 tam
1789 1320 1953 1359 consilio
1971 1332 2020 1359 ac
2036 1321 2168 1359 studio
2185 1324 2396 1370 poetarum

296 1385 418 1422 quam
439 1374 479 1412 in
501 1374 658 1423 linguae
679 1385 849 1423 graecae
871 1379 1015 1414 natura
1036 1376 1209 1424 positum
1232 1386 1319 1414 esse
1341 1374 1522 1413 arbitror.
1571 1374 1668 1413 'Non
1691 1374 1819 1413 minus
1842 1374 2053 1424 perspicua
2075 1379 2115 1414 et
2138 1375 2267 1424 digna,
2291 1386 2400 1425 quae

296 1431 642 1476 commemoretur,
670 1431 731 1467 est
758 1428 977 1467 differentia
1004 1429 1149 1468 horum
1170 1429 1328 1478 pedum,
1358 1439 1450 1466 cum
1477 1432 1737 1477 anapaestum
1776 1432 1815 1466 et
1838 1427 2067 1479 tribrachyn
2096 1430 2280 1478 respicis;
2312 1429 2396 1476 sed,

296 1481 392 1530 quid
420 1482 552 1521 verbis
581 1494 682 1531 opus
711 1486 782 1531 est,
811 1484 965 1522 numeri
994 1484 1066 1533 ipsi
1095 1484 1317 1533 loquantur.

409 1535 662 1576 Inveniunter
691 1537 796 1576 enim
1389 1536 1493 1575 tertii
1774 1537 1905 1586 quarti

1262 1590 1360 1629 Phil.
1389 1594 1429 1628 et
1456 1590 1570 1639 Diph.
1600 1589 1652 1627 83
1831 1590 1860 1629 Ο

717 1646 838 1695 pedes
867 1646 1050 1697 dactylici
1078 1646 1185 1697 apud
1214 1590 1232 1744 Ι

1260 1699 1445 1739 Menand.
1598 1699 1653 1738 70
1833 1700 1859 1739 4

1262 1753 1397 1793 Ph.-D.
1602 1754 1652 1792 15
1808 1753 1862 1792 32

771 1839 792 1856 ,,
859 1809 1065 1857 anapaesti
1124 1841 1145 1857 „

1212 1767 1232 1917 Ι
1260 1861 1310 1901 Μ.
1599 1861 1648 1899 17
1807 1861 1861 1899 67

1262 1915 1399 1955 Ph.-D.
1597 1914 1650 1954 38
1807 1915 1860 1955 85

771 2000 792 2019 ‚,
859 1970 1049 2009 tribrachi
1126 2002 1148 2020 „
1214 1944 1234 2095 Ι

1262 2025 1301 2063 M
1600 2024 1654 2062 44
1808 2023 1863 2063 90

425 2109 537 2151 Unde
565 2115 724 2161 praeter
752 2121 801 2149 ea
829 2121 931 2160 quae
960 2110 1010 2149 dc
1038 2110 1197 2161 dactylo
1225 2133 1279 2138 —
1308 2110 1419 2149 cuius
1446 2112 1635 2159 quattuor
1661 2108 1727 2148 illa
1755 2110 1935 2160 exempla
1963 2109 2204 2151 Menandrea
2231 2112 2403 2162 legimus

292 2163 335 2203 in
362 2164 555 2214 Θησαυροῦ
582 2164 653 2216 frg.
682 2164 733 2214 3,.
792 2162 941 2212 τόλμαν
966 2161 1129 2213 ἀφέλῃς,
1154 2162 1401 2215 Καρχηδονίου
1429 2162 1500 2213 frg.
1529 2163 1571 2201 4:
1627 2165 1815 2213 λιτυέρσην
1840 2162 1915 2201 ἀπ’
1948 2162 2107 2215 ἀρίστου

492 2230 652 2268 Iltoaetov
679 2229 749 2279 [τε.
781 2229 852 2277 1,.,
882 2224 1176 2265 ἆνυπόσταῐον

491 2284 713 2331 Κιθαρισιοῦ
738 2283 808 2332 srg.
837 2281 896 2332 3,ι
928 2277 1192 2332 ἆδικηθέντας,
1221 2282 1355 2332 πάτερ

292 2337 532 2386 monuimuS,
559 2337 747 2387 sequitur,
775 2340 819 2376 ut

348 2393 381 2430 1.
409 2391 599 2430 tribrachi
626 2393 841 2441 praecipua
869 2390 984 2429 sedes
1011 2391 1051 2428 in
1080 2390 1182 2440 pede
1210 2395 1353 2440 quarto
1381 2393 1443 2439 sit,

345 2446 382 2485 2.
411 2449 673 2496 anapaestum
711 2445 889 2486 Philemo
940 2448 981 2484 et
1029 2444 1207 2495 Diphilus
1268 2445 1309 2484 in
1359 2449 1529 2496 utroque
1578 2445 1680 2495 pede
1730 2457 1850 2495 parce
1884 2447 2124 2498 admiserint,
2175 2449 2401 2492 Menander·

404 2505 546 2551 quarto
570 2511 698 2550 paene
726 2500 950 2540 obtruserit.

405 2555 530 2603 Nunc,
552 2555 696 2605 quales
723 2555 765 2594 hi
794 2558 938 2604 poetae
966 2553 1187 2603 pepigerint
1214 2553 1449 2601 tribrachos,
1478 2553 1689 2602 quaeritur.
1746 2553 1858 2594 Hanc
1886 2568 2046 2606 quoque
2069 2569 2154 2597 rem
2178 2563 2218 2598 et
2240 2559 2392 2600 brevis·

402 2610 503 2648 sime
530 2613 571 2649 et
600 2610 771 2648 maxime
800 2609 1008 2658 perspicue
1036 2620 1108 2656 per
1134 2609 1304 2647 indicem
1328 2618 1581 2657 exponemus.
1639 2606 1948 2649 Conformantur
1975 2612 2166 2652 tribrachi

1414 2220 1433 2341 Ι
1461 2260 1657 2311 positione
1685 2283 1738 2288 —-

1985 2688 2035 2740 ‘in
2059 2677 2161 2727 pede

1904 2736 2022 2770 tertio

295 2803 330 2842 1.
359 2804 547 2853 longioris
574 2804 759 2842 vocabuli
1831 2784 1891 2825 Ph
1923 2785 1966 2825 D·
2018 2784 2067 2825 M·
2117 2785 2253 2827 Ph.—D.
2293 2787 2342 2828 M·

402 2867 444 2920 a)
473 2880 545 2908 seu
576 2869 683 2931 piritu
709 2898 1381 2908 ...........
1405 2909 1407 2911 ,
1440 2900 1447 2908 .
1505 2901 1513 2909 .
1600 2869 1756 2902 τὲἳ
1820 2867 1824 2958 Ι
1867 2887 1920 2892 -
1963 2866 1967 2917 Ι
2011 2888 2063 2893 -
2170 2866 2195 2906 2
2312 2868 2337 2909 2

402 2921 445 2973 b)
473 2934 545 2963 seu
573 2927 683 2986 imno
709 2953 1512 2963 .............
1602 2924 1610 2935 ‘
1607 2946 1679 2956 νν
1668 2923 1761 2940 ““
1690 2944 1761 2957 »»»
1820 2959 1824 2992 Ι
1884 2920 1910 2958 5
1962 2920 1967 3002 Ι
2026 2921 2051 2959 5
2169 2921 2196 2960 6
2246 2870 2254 2994 Ι
2312 2923 2338 2962 3

403 2976 442 3028 c)
471 2989 542 3039 seu
569 2979 701 3040 media
730 2982 842 3027 parte
906 3009 914 3016 .
972 3009 979 3016 .
1038 3008 1045 3015 .
1104 3007 1111 3015 .
1173 3007 1180 3015 .
1238 3008 1246 3015 .
1305 3008 1313 3016 .
1371 3009 1378 3016 .
1437 3009 1444 3017 .
1503 3010 1510 3018 .
1570 2976 1762 3015 ἰ’-’ἴ
1820 2997 1919 3063 Ι-
1963 3006 1967 3050 Ι
2009 2998 2062 3004 -
2153 2999 2206 3004 -
2314 2979 2340 3019 2

293 3028 330 3068 2.
358 3042 460 3072 voce
486 3032 651 3072 tribrevi
694 3062 1508 3072 ..............
1620 3034 1745 3071 Τ
1716 3053 1758 3067 -·
1868 3053 1920 3058 -
2010 3052 2064 3058 -
2170 3030 2196 3071 2
2309 3034 2336 3072 4

292 3082 330 3122 3.
357 3087 645 3150 monosyllabo·
660 3086 738 3126 fine
765 3088 876 3126 vocis
904 3091 944 3126 et
970 3086 1163 3148 bisyllabo
1192 3086 1303 3125 initio
1327 3089 1538 3136 sequentis.
1576 3086 1763 3158 0?
1822 3067 1828 3185 Ι
1872 3085 1922 3125 13
1964 3059 1971 3182 Ι
2012 3085 2066 3125 20
2106 3063 2116 3189 Ι
2154 3086 2209 3125 34
2302 3087 2363 3127 48

290 3137 330 3176 4.
358 3138 435 3179 fine
462 3141 647 3181 vocabuli
675 3146 716 3181 et
734 3153 835 3181 voce
858 3142 1027 3180 duarum
1045 3141 1224 3180 brevium
1251 3141 1493 3191 syllabarum
1567 3141 1765 3178 522?
1886 3141 1912 3180 5
2029 3139 2055 3180 3
2158 3141 2210 3181 16
2318 3143 2342 3181 7
