2810 3529
402 850 717 931 SenariuS‚
762 849 870 933 qui
910 855 1188 930 vocatur,
1234 849 1648 920 Terentianus
1691 855 2091 934 comparatur
2134 871 2278 919 cum

642 974 954 1051 trimetro
977 981 1351 1052 Graecorum
1395 979 1776 1071 (comoediae
1819 981 2067 1074 novae.)

412 1257 595 1307 Quamvis
622 1257 738 1297 multi
767 1258 845 1297 iam
874 1259 915 1298 et
943 1257 1049 1298 docti
1077 1257 1149 1298 viri
1178 1257 1225 1298 de
1252 1269 1293 1297 re
1328 1257 1491 1298 metrica
1518 1258 1693 1299 Terentii.
1719 1257 1954 1310 scripserint,
1990 1268 2114 1309 pauca
2151 1268 2219 1309 pro
2253 1257 2382 1299 labore

282 1324 510 1373 consumpto
540 1324 607 1363 aut
634 1323 917 1374 exspectatione
943 1322 1087 1363 leviora
1113 1322 1285 1373 plerique
1313 1322 1568 1371 confecerunt,
1597 1335 1718 1374 neque
1736 1323 1777 1363 id
1795 1323 1910 1363 aliter
1926 1323 2011 1363 fieri
2027 1323 2190 1373 potnit„
2213 1323 2317 1363 Nam
2343 1324 2384 1362 in

277 1387 533 1429 diiudicandis
570 1387 735 1440 singulis
771 1387 866 1428 artis
900 1386 1092 1428 metricae·
1111 1386 1363 1429 Terentianae
1397 1387 1584 1439 partibus,
1628 1400 1724 1440 quae
1763 1387 1888 1431 adhuc
1923 1388 2116 1430 tractatae
2152 1389 2255 1438 sunt,
2295 1399 2383 1440 pars

276 1454 478 1494 auctorum
496 1452 547 1493 ad
564 1452 689 1494 solum
702 1452 927 1494 Terentium
945 1452 1158 1506 spectabat,
1178 1464 1266 1505 pars
1279 1453 1502 1494 Terentium
1520 1464 1609 1494 cum
1622 1453 1762 1495 Plauto
1781 1453 2042 1506 comparabat,
2061 1464 2135 1506 quo
2149 1453 2297 1495 factum
2310 1454 2382 1503 est,

277 1520 322 1558 ut
351 1519 412 1558 illi
439 1519 518 1558 fere
546 1518 663 1566 nullo,
691 1519 734 1558 hi
762 1530 838 1558 non
866 1519 973 1558 omni
1001 1530 1047 1558 ex
1073 1520 1184 1570 parte
1211 1520 1315 1559 certo
1343 1530 1388 1558 ac
1416 1518 1539 1559 solido
1566 1518 1816 1559 fundamento
1845 1519 1970 1570 operis
1997 1519 2058 1559 sui
2084 1520 2296 1559 uterentur.

407 1582 647 1634 Quamquam
675 1584 776 1632 sunt,
816 1583 881 1634 qui
919 1595 964 1623 ex
991 1583 1263 1636 (Terentianae
1287 1584 1382 1624 artis
1409 1581 1516 1636 cum)
1549 1583 1681 1624 Plauti
1708 1583 1993 1635 comparatione
2026 1595 2179 1624 omnem
2204 1583 2381 1633 salutem,

275 1659 429 1690 omnem
457 1648 637 1690 eventum
665 1672 718 1678 --
746 1648 860 1700 idque
887 1647 1116 1701 quibusdam
1153 1648 1195 1689 in
1229 1649 1354 1699 rebus,
1396 1649 1441 1690 ιιι
1475 1648 1515 1690 in
1552 1648 1823 1702 grammaticis
1850 1660 1919 1691 suo
1945 1647 2030 1690 iure
2067 1672 2119 1680 -—
2156 1649 2311 1702 sperent
2337 1660 2383 1690 ac

274 1713 503 1763 desiderent,
539 1716 671 1755 tamen
699 1727 749 1755 ne
784 1715 886 1756 hauc
915 1713 1070 1766 quidem
1096 1714 1154 1756 ita
1181 1726 1299 1767 grave
1325 1714 1564 1756 momentum
1593 1713 1643 1756 ad
1669 1714 1779 1756 illam
1806 1714 1850 1767 (i.
1880 1727 1914 1756 e.
1943 1716 2067 1756 artem
2095 1714 2381 1768 Terentianum)

272 1779 575 1833 intellegendam
601 1780 736 1821 afferre
763 1791 878 1831 posse
906 1779 1004 1821 duae
1031 1792 1101 1821 nos
1127 1782 1285 1822 monent
1313 1792 1469 1831 causae:
1499 1781 1540 1821 et
1567 1779 1668 1832 qnod
1686 1780 1818 1821 Plauti
1835 1780 1987 1822 fabulae
2003 1780 2182 1832 plurimis
2198 1781 2382 1833 gravissi·

272 1845 421 1898 misque
449 1844 674 1898 corruptelis
702 1844 828 1886 adhuc
855 1845 1078 1898 inquinatae
1107 1845 1209 1895 sunt,
1249 1846 1293 1886 ut
1319 1845 1429 1886 libris
1456 1844 1625 1886 nondum
1659 1844 1710 1886 ad
1744 1845 1954 1897 pristinum
1981 1845 2173 1887 restitutis
2201 1846 2377 1896 nitorem,

273 1912 335 1952 cui
362 1912 419 1951 rei
447 1912 521 1951 viri
549 1911 653 1952 docti
680 1911 725 1951 F.
753 1911 965 1952 Bitschelio
993 1911 1090 1952 duce
1118 1923 1268 1952 summa
1296 1911 1500 1963 diligentia
1527 1923 1573 1952 ac
1600 1912 1813 1964 sagacitate
1845 1923 2000 1962 operam
2033 1911 2124 1953 dare
2162 1914 2380 1963 coeperunt,

273 1977 399 2018 omnis
436 1976 623 2018 eiusmodi
660 1977 832 2028 quaestio
869 1976 1061 2018 claudicet
1097 1977 1214 2028 atque
1250 1976 1414 2028 quodam
1450 1976 1564 2018 modo
1602 1977 1759 2025 titubet,
1803 1978 1842 2017 et
1870 1977 1960 2028 qnia
1987 1977 2160 2026 Plautus,
2204 1988 2280 2028 qua
2305 1977 2380 2017 fuit

271 2041 418 2095 ingenii
459 2043 500 2082 et
538 2042 714 2083 acumine
749 2043 790 2083 et
823 2042 1001 2084 ubertate
1039 2039 1134 2083 adeo
1168 2052 1236 2084 suo
1272 2041 1348 2083 sibi
1384 2041 1542 2084 consilio
1580 2052 1626 2083 ac
1663 2040 1805 2083 iudicio
1838 2053 1929 2083 usus
1962 2043 2034 2092 est,
2075 2043 2122 2084 ut
2148 2053 2380 2096 magnopere

272 2108 482 2148 cavendum
510 2108 579 2157 sit,
618 2120 665 2148 ne
693 2109 817 2149 aliena
846 2110 885 2149 et
913 2109 1105 2149 contraria
1133 2107 1423 2157 confundantur,
1463 2109 1498 2149 si
1525 2119 1571 2149 ex
1595 2108 1711 2149 huius
1738 2108 1888 2149 ratione
1913 2118 2089 2149 normam
2116 2108 2382 2160 rationemque

272 2173 443 2214 Terentii
475 2173 685 2226 ponderare
717 2174 833 2225 atque
866 2174 1070 2214 aestimare
1109 2174 1179 2215 vis.
1189 2174 1221 2225 ¹)
1280 2172 1408 2214 Multo
1446 2173 1565 2214 etiam
1601 2173 1726 2225 magis
1763 2173 1925 2214 alteram
1959 2173 2069 2214 illam
2106 2173 2221 2223 viam,
2264 2185 2381 2225 quam

272 2238 431 2290 plurimi
458 2239 552 2279 sunt
575 2238 751 2291 ingressi,
779 2239 820 2279 in
847 2240 1001 2280 vastum
1029 2240 1145 2291 atque
1172 2239 1287 2280 inane
1315 2239 1452 2280 ducere
1478 2238 1673 2291 praefacte
1701 2238 1900 2288 contendo,
1930 2250 2018 2279 cnm
2035 2250 2260 2290 persuasum
2281 2239 2381 2280 mihi

273 2304 327 2345 sit
353 2302 587 2353 Terentium,
616 2306 661 2345 ut
688 2315 712 2344 a
738 2304 864 2346 verbis
901 2303 1136 2345 Graecorum
1170 2304 1232 2344 vix
1267 2303 1443 2345 recedere
1477 2315 1591 2345 ausus
1630 2304 1693 2352 sit,
1728 2304 1785 2344 ita
1823 2326 1875 2333 -
1913 2303 2073 2344 abiectis
2101 2303 2381 2347 difficilioribus

273 2369 420 2418 metris,
460 2369 596 2420 quibus
630 2369 884 2421 exprimendis
921 2370 1021 2412 vires
1056 2380 1145 2411 suas
1182 2382 1257 2411 non
1289 2369 1465 2411 sufficere
1490 2370 1572 2422 ipse
1599 2368 1757 2422 sensit-⁸)
1794 2391 1844 2398 -
1882 2368 1924 2409 in
1959 2368 2129 2410 versibus
2167 2368 2381 2422 pangendis

272 2434 428 2475 illorum
456 2435 622 2487 vestigia
658 2435 848 2477 serviliter
884 2436 1067 2488 pressisse
1103 2437 1220 2488 atque
1248 2435 1421 2478 servilius
1449 2434 1613 2487 quidem,
1652 2446 1766 2486 quam
1796 2434 1997 2486 quisquam
2032 2433 2082 2475 ad
2118 2433 2191 2476 hoc
2228 2436 2382 2488 tempus

272 2499 587 2541 animadverterit
614 2501 682 2540 aut
708 2501 750 2541 in
777 2500 903 2541 lucem
931 2501 1157 2553 provexerit.
1201 2502 1336 2554 Itaque
1364 2500 1534 2542 Terentii
1560 2511 1690 2541 versus
1718 2510 1788 2540 nec
1816 2498 1911 2541 satis
1938 2499 2115 2559 intellegi
2142 2498 2381 2553 describique

272 2577 342 2605 nec
361 2566 488 2605 sanari
506 2577 619 2616 posse
638 2565 735 2605 mihi
753 2565 941 2614 videntur,
971 2567 1047 2606 nisi
1065 2566 1363 2618 diligentissime
1380 2577 1468 2605 cum
1487 2564 1644 2605 Graecis
1662 2564 1919 2613 conferuntur,
1938 2564 1988 2604 ad
2006 2575 2168 2616 quornm
2186 2565 2381 2618 exemplar

272 2632 363 2673 sunt
381 2631 548 2673 conficti,
595 2631 678 2682 Qua
695 2631 887 2673 sententia
904 2630 1043 2673 ductus
1062 2631 1186 2673 denuo
1211 2630 1403 2672 senarium
1421 2629 1694 2672 Terentianum
1718 2630 1789 2670 sub
1813 2642 1969 2671 censam
1993 2643 2129 2672 vocare
2149 2644 2225 2672 non
2243 2631 2381 2673 inutile

272 2695 560 2745 existimabam
579 2696 753 2749 quaestio
781 2696 912 2739 autem
935 2697 1019 2752 ipsa
1047 2694 1284 2738 instituenda
1309 2693 1510 2737 videbatur
1536 2694 1606 2745 ita,
1630 2694 1676 2738 ut
1702 2693 1906 2738 Menandri
1932 2696 2221 2750 ceterorumque
2247 2707 2378 2748 novae,

272 2773 368 2814 qnae
386 2763 502 2814 vulgo
526 2764 697 2811 vocatur,
727 2763 943 2803 comoediae
970 2763 1113 2803 atticae
1148 2763 1347 2802 auctorum
1382 2761 1602 2814 fragmenta
1638 2761 1688 2801 ad
1722 2763 2051 2813 comparationem
2084 2764 2378 2803 arcesserentur.

273 2827 357 2878 Qua
382 2827 446 2869 via
473 2825 567 2879 quid
594 2827 695 2869 effici
720 2828 855 2880 possit,
882 2830 929 2870 ut
956 2827 1168 2877 ostendam,
1197 2827 1334 2869 ceteris
1362 2826 1656 2879 quaestiontbus
1682 2827 1724 2867 in
1750 2838 1929 2879 praesens
1957 2828 2107 2868 omissis
2134 2828 2230 2869 satis
2257 2828 2380 2869 habeo

269 2892 313 2932 in
340 2903 520 2934 caesurae
545 2892 800 2935 Terentianae
825 2892 1014 2935 rationem
1042 2891 1082 2935 et
1108 2903 1220 2934 usum
1247 2892 1425 2934 scemate
1451 2892 1654 2944 inquirere.

408 2999 435 3042 ¹)
457 2999 634 3036 Similiter
654 3000 799 3036 censuit
819 2999 997 3037 Oonradt:
1018 2999 1088 3037 Die
1108 2999 1306 3036 metrische
1326 2999 1586 3045 Komposition
1614 2998 1680 3036 des
1702 3000 1841 3037 'term
1850 2998 1958 3036 Berl.
1983 3003 2037 3043 7⁶,
2058 3000 2222 3046 νηοὶ.»
2224 3000 2323 3037 .ΠῘ.

405 3042 434 3086 ’)
455 3043 577 3079 Pravo
596 3054 657 3079 me
678 3043 825 3088 quidem
845 3044 966 3079 iudice
988 3044 1037 3079 nd
1056 3043 1235 3089 principia
1260 3042 1441 3123 uaedam
1467 3044 1619 3078 elatat
1594 3048 1706 3130 afflue
1733 3044 1926 3087 ingeniosa
1953 3048 2143 3088 specta-es
2164 3012 2251 3081 euru
2271 3045 2381 3081 docet

273 3084 452 3123 Οοιιηᾶι.
474 3085 520 3123 de
540 3097 715 3124 versuum
735 3087 1039 3124 Terenti-norum
1062 3091 1249 3124 structura
1260 3054 1387 3123 ‘hemi-01
1409 3086 1575 3123 MDCCC
1715 3097 1798 3133 pag
1821 3091 1853 3126 5
