2810 3529
1382 222 1650 269 ..nn-..-

484 350 523 392 2.
550 350 604 392 ib.
636 351 718 393 120
744 352 860 395 Adeo
886 355 1082 405 modesto,
1113 353 1119 406 Ι
1148 354 1251 395 adeo
1279 357 1460 403 venusto,
1486 356 1533 394 ut
1561 352 1568 404 Ι
1596 353 1694 394 nibil
1721 364 1854 404 supra,
1881 354 1951 397 ubi
1978 359 2070 406 post
2114 358 2200 394 ›ut‹
2244 360 2454 392 caesuram
2480 355 2571 391 sta-

557 409 675 448 tuere
713 408 931 449 verborum
968 415 1172 449 connexus
1209 412 1329 448 vetat.
1396 407 1473 458 Qui
1509 418 1593 460 non
1630 411 1783 448 temere
1821 417 1871 447 ac
1909 408 2059 450 mose
2097 406 2348 449 difficultates
2387 408 2570 457 quaeret,

556 471 722 503 versum
747 462 1052 515 semiquinariae
1077 462 1144 503 illa
1170 462 1304 513 speeie
1331 461 1512 515 (elisione
1533 460 1639 514 orta)
1662 462 1850 503 affectum
1870 467 1917 503 ut
1936 467 2142 503 sementes
2159 461 2345 502 incedere
2366 461 2570 501 fatebitur.v

558 516 671 557 Idem
695 520 854 568 spectat
879 518 943 557 ad.
1203 544 1206 545 ν
1670 544 1739 567 Α

487 568 525 609 3.
553 569 606 610 ib.
637 570 727 610 129.
755 570 814 610 Ea
839 570 1011 622 primum
1037 569 1090 610 ab
1117 570 1184 610 illo
1216 569 1221 621 Ι
1255 570 1610 611 animadvertenda
1637 570 1678 612 in
1708 569 1715 623 Ι
1743 570 1892 612 iuriast.
2147 568 2164 589 ²

487 624 525 664 4.
554 647 609 653 —
638 623 719 664 737
746 624 830 674 Ego
857 624 953 674 quid
973 635 1082 674 agas,
1110 625 1219 674 nihil,
1244 625 1251 677 Ι
1272 625 1478 676 intellego:
1506 624 1579 665 sed
1609 624 1615 678 Ι
1649 626 1682 665 si
1707 625 1803 677 quid
1830 628 1902 666 est.
1941 624 2119 665 Eandem
2145 632 2306 664 versum
2331 623 2569 675 disponendi

558 678 756 720 rationem
782 677 924 720 adesse
962 682 1131 731 apparet
1169 682 1292 731 atque
1317 680 1359 721 in
1386 692 1423 720 v.
1452 679 1518 730 60,
1536 680 1741 731 siquidem
1767 682 1871 721 ratio
1908 681 1979 720 tali
2017 680 2171 720 formae
2197 678 2388 718 metricae
2426 678 2565 717 suben

558 745 635 773 nec
661 734 794 783 potius
821 733 1068 784 depravatio.

488 785 524 827 5.
554 809 607 815 —
635 786 714 828 801
744 784 873 836 Quem
900 787 1051 829 video‘?
1108 788 1229 829 Estne
1268 789 1335 829 hic
1365 788 1371 840 Ι
1402 788 1523 838 Crito,
1561 790 1780 838 sobrinus-l
1812 789 2048 842 Chrysidis?
2103 788 2211 828 hunc
2249 787 2450 828 senarium
2488 798 2570 826 nos

487 895 513 935 6
552 840 644 936 I(316)
672 852 840 936 εἰερθὸιιτα
860 842 995 883 media
1021 843 1155 884 incisis
1182 843 1293 884 haud
1319 844 1404 884 scio
1433 855 1486 885 an
1514 845 1599 885 iure
1626 844 1919 896 adscripsimus.
2495 867 2502 873 ·

514 927 523 936 .
583 908 648 936 un.
1973 923 1978 927 .

557 951 600 991 In
628 951 708 992 hoc
735 951 912 1001 biduum,
944 951 949 1004 Ι
981 953 1114 1002 nais,
1143 955 1254 994 vale!
1283 954 1335 994 Mi
1365 954 1372 1006 Ι
1402 954 1621 994 Phaedria!
1650 953 1829 994 Caesura
1855 958 1949 993 ante
1976 954 2158 992 ultimum
2185 951 2377 992 creticum
2410 962 2492 991 non
2519 950 2563 990 fit

554 1005 630 1045 nisi
656 1016 730 1056 per
756 1006 848 1045 vim.
904 1005 1038 1059 Atque
1065 1009 1134 1060 qui
1161 1009 1285 1049 verba
1312 1008 1460 1049 tradita
1487 1012 1644 1049 mutare
1671 1012 1842 1057 veretur,
1871 1009 1911 1048 in
1940 1020 2108 1048 caesura
2134 1007 2267 1047 media
2306 1007 2563 1056 acquiescere

551 1092 691 1142 debet;
719 1098 859 1134 nostro
887 1098 1024 1136 autem
1050 1096 1197 1136 iudicio
1224 1096 1475 1147 corruptelae
1501 1096 1639 1137 sedem
1665 1095 1860 1147 significat
1886 1099 2076 1135 accentus
2109 1058 2253 1134 »Thais
2280 1057 2407 1133 valen
2463 1092 2568 1132 Pro·—

550 1169 680 1208 pono:
710 1159 754 1199 ln
781 1159 862 1199 hoc
889 1160 1065 1209 biduum,
1092 1161 1147 1199 mi
1177 1161 1309 1210 Thais,
1338 1158 1348 1214 Ι
1376 1149 1476 1202 vulg.
1531 1161 1583 1202 Mi
1612 1192 1621 1201 .
1651 1192 1660 1201 .
1690 1193 1698 1201 .

482 1210 517 1252 7.
545 1211 598 1253 ib.
626 1211 720 1254 436.
776 1213 901 1255 Immo
930 1226 1032 1265 auge
1059 1216 1187 1265 magis
1218 1216 1222 1267 Ι
1252 1217 1531 1266 suspicionem
1563 1217 1567 1266 Ι
1599 1216 1712 1255 Cur?
1741 1216 1907 1265 Rogas?

481 1266 517 1305 8.
546 1288 601 1295 —
630 1267 712 1307 832
740 1267 929 1318 Scelesta,
957 1279 1075 1309 ovem
1106 1268 1110 1319 Ι
1141 1270 1235 1321 lupo
1264 1270 1472 1310 commisti.
1506 1269 1510 1322 Ι
1538 1270 1739 1321 Dispudet.
1795 1270 1935 1310 Incisio
1964 1273 2056 1320 post
2090 1280 2248 1309 ›ovem‹
2283 1268 2391 1307 facta
2417 1268 2567 1306 nullius

550 1322 745 1363 momenti
767 1327 838 1363 est.
2166 1353 2170 1358 .
2287 1341 2292 1345 ·

480 1374 517 1415 9.
546 1397 600 1404 -
624 1375 706 1417 929
734 1375 829 1418 Sine
856 1382 1017 1428 sumptu
1046 1382 1086 1419 et
1113 1379 1200 1420 sine
1230 1378 1235 1429 Ι
1266 1379 1487 1430 dispendio:
1516 1384 1603 1420 tum
1630 1380 1709 1419 hoc
1740 1379 1744 1430 Ι
1775 1380 1955 1419 alterum.
1992 1378 2055 1417 Ad
2077 1379 2185 1417 hunc
2213 1388 2373 1427 quoque
2400 1387 2563 1415 versum

551 1431 762 1480 quadrant,
791 1442 895 1481 quae
917 1432 976 1484 ,de
1002 1433 1105 1473 And.
1133 1445 1169 1472 v.
1199 1433 1255 1474 60
1281 1434 1540 1485 dispositione
1568 1434 1807 1475 monuimuS.

454 1484 516 1526 10.
545 1484 608 1526 Ht.
637 1484 688 1526 61
719 1485 823 1527 Nam
850 1497 925 1537 pro
954 1487 1074 1528 deum
1101 1492 1223 1539 atque
1253 1483 1266 1541 Ι
1291 1489 1499 1529 hominum
1525 1489 1655 1538 fidem,
1684 1490 1779 1540 quid
1810 1488 1814 1539 Ι
1845 1489 1905 1528 vis
1942 1488 2044 1527 tibi?
2083 1488 2189 1527 Inter
2226 1497 2347 1526 voces
2387 1486 2481 1537 quid
2520 1488 2564 1525 et

550 1542 610 1580 vis
637 1552 778 1581 seusus
806 1553 934 1593 pausa
960 1554 1042 1583 non
1071 1547 1143 1592 est,
1171 1544 1338 1584 sedante
1381 1544 1517 1595 ›quid‹
1552 1544 1701 1595 pariter
1728 1547 1848 1594 atque
1875 1544 1918 1583 in
1945 1542 2125 1583 versibus
2151 1542 2227 1582 sub
2259 1542 2293 1590 1,
2323 1542 2359 1590 2,
2388 1542 2425 1590 4,
2455 1541 2493 1588 6,
2522 1540 2560 1589 9,

547 1596 720 1636 laudatis
748 1597 950 1636 enunciati
978 1599 1219 1643 continuitas
1247 1599 1527 1638 intermittitur.

455 1650 517 1689 11.
545 1650 597 1689 ib.
626 1649 681 1689 64
708 1649 913 1690 Meliorem
940 1661 1071 1703 neque
1102 1649 1107 1703 Ι
1138 1653 1240 1703 preti
1268 1653 1430 1693 maioris
1461 1652 1466 1704 Ι
1496 1665 1614 1693 nemo
1643 1653 1776 1692 habet.

454 1703 517 1744 12.
546 1726 601 1732 —
628 1705 711 1744 444-
740 1703 994 1745 Commetare
1022 1707 1076 1746 ad
1106 1704 1111 1757 Ι
1141 1708 1429 1756 mulierculam,
1458 1719 1561 1758 quae
1592 1707 1597 1760 Ι
1627 1707 1799 1759 paululo.
1857 1705 1905 1746 cf.
1934 1706 2033 1746 And.
2062 1705 2127 1747 60.

454 1756 515 1798 13.
545 1780 599 1787 -
629 1757 710 1799 752
739 1759 820 1799 Etsi
847 1759 943 1809 scio,
962 1761 1086 1800 hosce
1107 1759 1113 1811 Ι
1133 1761 1295 1812 aliquod
1323 1761 1408 1801 dies
1429 1774 1512 1802 non
1542 1761 1548 1814 Ι
1576 1762 1730 1801 sentiet.
1766 1761 1897 1800 Voces
1927 1772 2028 1800 »non
2049 1760 2213 1800 sentiet«
2242 1759 2389 1799 arctius
2411 1758 2559 1798 cohae-

548 1816 639 1853 rent
666 1824 789 1864 quam
816 1817 860 1853 ut
887 1814 954 1854 illa
981 1815 1119 1855 incisio
1148 1826 1340 1856 caesurae
1371 1817 1452 1855 vim
1480 1828 1529 1856 ac
1557 1819 1743 1856 naturam
1770 1814 1933 1863 habeat;
1957 1815 1990 1854 si
2029 1825 2167 1854 versus
2206 1814 2368 1864 integer·
2390 1813 2563 1853 traditus

548 1870 621 1917 est,
648 1871 740 1919 post
775 1868 940 1909 ›hosce‹
974 1870 1280 1922 semiquinariae
1307 1870 1437 1910 forma
1464 1871 1613 1911 vicaria
1640 1869 1853 1910 statuenda
1880 1873 1950 1909 est.

452 1922 513 1963 14.
541 1922 593 1963 ib.
623 1922 705 1962 776
733 1922 836 1962 Nam
863 1935 1050 1975 prorsum
1076 1926 1173 1966 nihil
1205 1924 1210 1978 Ι
1239 1926 1437 1976 intellego.
1494 1926 1596 1975 Vah,
1627 1924 1632 1976 Ι
1662 1925 1801 1965 tardus
1830 1936 1884 1964 es.

451 1975 513 2016 15.
542 1977 660 2017 Phor.
690 1977 754 2016 87.
810 1977 894 2018 Nos
921 1979 1039 2018 otiosi
1061 1977 1071 2032 Ι
1091 1992 1256 2031 operam
1279 1980 1474 2020 dabamus
1499 1980 1503 2031 Ι
1525 1980 1757 2020 Phaedriae.
1789 1979 1892 2019 Ante
1922 1978 2184 2018 ›Phaedriae‹
2211 1988 2378 2016 caesura
2398 1988 2558 2030 versum

548 2032 718 2071 caedere
746 2043 828 2071 non
857 2045 959 2082 opus
988 2038 1060 2083 est,
1089 2046 1181 2073 cum
1202 2035 1312 2084 prior
1334 2036 1471 2074 incisio
1494 2045 1567 2084 pro
1591 2034 1763 2083 genuina
1785 2033 2089 2084 semiquinariae
2111 2032 2241 2072 forma
2262 2032 2357 2071 nihil
2385 2030 2559 2081 suspecti

451 2139 514 2179 16.
543 2162 596 2167 -
625 2139 709 2180 454
737 2139 855 2189 Quod
882 2141 1075 2192 homines,
1104 2147 1165 2183 tot
1193 2142 1199 2194 Ι
1229 2145 1466 2184 sententiae:
1494 2155 1588 2183 suos
1619 2142 1623 2193 Ι
1650 2143 1791 2193 cuique
1819 2154 1918 2181 mos.
1970 2141 2017 2181 cf.
2047 2141 2147 2181 And.
2166 2141 2229 2181 60.

451 2192 513 2233 17.
543 2216 596 2221 —
626 2193 707 2235 457
736 2194 820 2245 Ego
849 2195 1017 2246 amplius
1048 2197 1052 2249 Ι
1084 2198 1384 2240 deliberandum
1416 2197 1420 2249 Ι
1451 2209 1597 2239 censeo

450 2278 511 2318 18.
539 2279 633 2320 Hec.
667 2281 745 2321 176
773 2281 877 2332 Quid
904 2283 1039 2323 adhuc
1066 2283 1217 2324 habent
1247 2283 1251 2335 Ι
1276 2285 1512 2326 infirmitatis
1542 2283 1547 2335 Ι
1577 2283 1768 2335 nuptiae?
1797 2282 1947 2323 Verum
1975 2285 2164 2322 accentus
2199 2247 2352 2323 ›adh'uc
2380 2247 2551 2322 habent«

540 2335 671 2376 vitiosi
699 2341 803 2386 sunt,
831 2341 876 2377 ut
903 2338 1168 2378 collocatione
1195 2345 1351 2379 mutata
1377 2341 1517 2380 vitium
1545 2339 1762 2379 emendare
1795 2349 1877 2377 non
1904 2336 2104 2375 dubitem:

544 2399 648 2449 Quid
675 2401 810 2442 adhuc
838 2402 1075 2444 infirmitatis
1106 2403 1114 2457 Ι
1142 2405 1293 2446 habent
1322 2403 1430 2459 [hae]
1458 2404 1654 2456 nuptiae?
1690 2402 1810 2444 ›hae‹
1840 2414 1942 2442 voce
1958 2400 2056 2452 *post
2077 2402 2229 2442 babent
2251 2414 2387 2443 errore
2409 2403 2557 2441 omissa

543 2455 759 2496 verborum
786 2458 888 2497 ordo
916 2460 1173 2509 perturbatus
1202 2471 1290 2499 esse
1318 2460 1485 2509 videtur,
1515 2463 1693 2499 ceterum
1721 2457 1831 2498 haud
1859 2457 1942 2497 scio
1971 2468 2023 2497 an
2058 2456 2230 2498 obscura
2269 2458 2380 2498 vocis
2428 2456 2555 2498 ›infir-

543 2510 712 2550 mitatis‹
747 2513 858 2553 notio
886 2514 1045 2564 signum
1071 2515 1134 2564 sit,
1162 2515 1231 2555 ubi
1258 2515 1397 2555 vitium
1420 2516 1552 2555 lateat

576 2564 677 2604 Fere
705 2568 841 2607 omnia
867 2568 987 2617 igitur
1013 2569 1117 2609 haec
1145 2570 1328 2620 exempla
1355 2569 1452 2609 nihil
1480 2580 1645 2620 prorsus
1673 2568 1807 2607 valent
1835 2566 1889 2606 ad
1917 2578 1966 2606 ea
1988 2577 2094 2618 quae
2121 2566 2195 2607 sibi
2223 2567 2433 2618 proposuit
2459 2578 2495 2604 v.
2518 2566 2566 2605 d..

444 2617 721 2659 confirmanda
748 2623 887 2671 utpote
915 2622 1060 2674 quibus
1088 2628 1158 2664 aut
1185 2625 1227 2664 in
1253 2628 1424 2676 utraque
1452 2624 1547 2663 sede
1576 2627 1646 2662 aut
1673 2623 1714 2662 in
1744 2631 1826 2662 una
1853 2621 2030 2661 alterave
2057 2622 2197 2660 incisio
2225 2621 2338 2670 desit,
2358 2621 2422 2660 cui
2444 2623 2558 2659 tanta

441 2672 652 2713 inhaereat
677 2675 750 2723 vis,
777 2678 822 2714 ut
849 2679 1041 2717 caesurae
1068 2678 1204 2718 locum
1225 2679 1405 2718 obtinere
1433 2679 1567 2729 possit.
1623 2675 1716 2725 Sed,
1744 2675 1839 2727 quia
1875 2676 1960 2725 ipse
1998 2675 2110 2715 locos
2149 2674 2393 2725 deprehendi
2430 2675 2558 2714 multo

441 2726 516 2766 illis
543 2728 673 2778 magis
699 2731 819 2781 aptos
846 2729 899 2769 ad
916 2731 1023 2772 hanc
1050 2731 1291 2774 sententiam
1312 2732 1535 2781 tutandam,
1553 2732 1646 2779 iam,
1668 2742 1720 2770 ne
1742 2729 1869 2769 levius
1891 2740 1978 2769 rem
2000 2733 2121 2780 atque
2144 2740 2237 2769 cum
2259 2730 2565 2781 contemptione-

442 2781 620 2832 quadam
646 2785 844 2823 tractasse
871 2784 1022 2836 videar,
1050 2786 1258 2839 diligenter
1285 2788 1598 2839 pervestigemus
1626 2784 1793 2832 fabulas,
1821 2796 1919 2824 num
1946 2784 2042 2835 quid
2070 2785 2178 2824 certi·
2197 2784 2421 2840 argumenti
2443 2785 2555 2823 inve·

440 2835 583 2876 niatur.
639 2836 774 2888 Atque
801 2849 955 2890 vereor,
982 2852 1035 2882 ne
1062 2841 1310 2884 abundantia
1337 2842 1553 2893 opprimar,
1592 2851 1689 2879 nam
1726 2839 1925 2890 permulta
1962 2838 2078 2879 nobis
2118 2843 2335 2880 occurrunt
2374 2838 2557 2888 exempla

440 2890 498 2930 ita
520 2890 704 2942 conficta,
732 2896 778 2933 ut
805 2896 902 2934 ante
928 2894 1112 2936 ultimum
1139 2898 1333 2937 creticum
1359 2894 1471 2947 gravi
1498 2894 1818 2945 interpunctione
1845 2895 1990 2934 senarii
2018 2893 2198 2934 defluxus
2233 2894 2556 2945 interrumpatur,

439 2954 613 2996 quorum
639 2945 694 2987 IV
719 2957 872 2998 genera
901 2947 1073 2992 discerni
1100 2954 1289 3004 possunt:
2254 2996 2258 2998 ,

468 3004 503 3040 a.
531 2998 636 3042 Cum
662 3002 857 3044 incisione
885 3008 980 3045 ante
1007 3007 1191 3046 ultimum
1226 3007 1419 3046 creticum
1458 3005 1633 3045 admissa
1671 3007 1713 3044 et
1751 3004 1863 3055 pedis
1902 3008 1943 3045 et
1981 3003 2094 3060 yerbi
2131 3004 2220 3044 finis
2256 3007 2348 3055 post
2386 3002 2558 3055 primam

539 3056 764 3108 dispodiam
786 3059 1025 3101 coniunctus
1048 3064 1120 3110 est,
1138 3061 1220 3101 huc
1242 3064 1402 3113 praeter
1423 3072 1494 3101 eos
1517 3070 1619 3111 quos
1637 3057 1817 3100 Conradt
1837 3060 1943 3100 male
1965 3059 2108 3109 attulit,
2130 3059 2350 3111 quadrant:
2370 3056 2471 3099 And.
2490 3058 2563 3100 88-

526 3111 559 3150 1.
587 3110 799 3152 Amabant.
863 3114 976 3164 ›eh0,
1007 3114 1014 3168 Ι
1043 3116 1139 3168 quid
1166 3115 1445 3168 Pamphilus?‹
1480 3114 1598 3167 quid»
1610 3113 1642 3167 ῬΙ
1672 3113 1896 3166 symbolam
1922 3114 1995 3155 sed
2022 3126 2059 3154 v.
2086 3113 2199 3155 infra.

523 3165 559 3205 2.
590 3165 653 3206 Ht.
681 3165 773 3208 804.
830 3168 919 3219 Ipse
946 3170 1050 3211 adeo
1079 3171 1209 3212 adest:
1239 3168 1248 3223 Ι
1277 3170 1355 3220 abi,
1383 3170 1480 3211 effer
1507 3173 1726 3220 mentum.
1755 3165 1765 3221 Ι
1794 3168 1935 3209 Effero.
