2810 3529
1226 187 1493 229 ...111-

411 315 1497 420 fflssffiffsfflfflfflffleffliffqumiffffl
1491 316 1721 410 ”bimi
1749 313 2099 418 ἔιῗιῗέοὲῗΐέἰΐέι
2124 313 2413 407 Ἢῗέὲᾞ

420 425 553 465 media
580 427 790 476 praesente
818 427 983 476 quartus
1011 435 1083 476 pes
1111 424 1225 476 quasi
1252 424 1405 476 primae
1431 424 1538 465 sedis
1564 425 1690 465 instar
1716 422 1851 464 habet.
1876 416 1881 419 ⁴

351 481 394 519 2.
423 480 547 518 thesis
573 480 692 518 tertia
718 491 769 518 ex
789 480 944 518 duabus
971 479 1158 518 brevibus
1186 479 1393 518 conficitur
1412 479 1571 529 syllabis
1591 483 1713 529 atque
1732 478 1907 527 legitime
1924 480 2083 515 constat
2102 479 2415 525 postcaesuram

417 533 686 585 principalem,
715 533 827 574 cuius
865 532 933 574 ubi
971 532 1085 573 deest
1111 532 1199 573 vice
1225 544 1513 584 nonnunquam
1540 533 1666 574 altera
1691 532 1759 573 illa
1786 528 2142 583 (semiseptenaria)
2170 529 2279 579 fungi
2306 528 2414 570 suffi-

418 589 482 627 cit.
536 588 675 639 Neque
702 589 807 627 enim
835 589 938 626 iuste
966 587 1137 638 quidem,
1176 591 1218 626 at
1244 598 1327 626 non
1354 588 1441 627 sine
1468 587 1600 639 aliqua
1626 586 1809 627 licentiae
1837 584 2068 626 defensione
2096 584 2228 625 soluta
2249 584 2417 635 sparsim

410 642 536 683 tertia
560 642 686 682 vthesis
713 646 843 683 exstat
869 643 910 681 in
938 642 1040 692 pede
1066 642 1232 692 integro,
1260 642 1294 681 si
1320 642 1476 692 longius
1502 642 1664 692 aliquod
1690 641 1859 682 verbum
1879 629 2014 680 medio
2040 640 2082 678 in
2104 651 2223 679 versu
2244 640 2418 689 positum

417 697 783 749 semiseptenariam
811 699 903 748 post
929 707 974 737 se
999 696 1136 746 bahet;
1164 697 1288 737 thesis
1315 699 1460 749 quarta
1486 695 1530 737 fit
1556 708 1606 737 ex
1632 697 1719 748 lege
1757 694 1953 747 bisyllaba
1993 697 2085 745 post
2106 693 2278 735 eandem
2299 694 2417 734 semi-

419 754 696 803 septenariam.
752 752 966 791 Rarissime
1004 756 1145 791 contra
1181 756 1442 802 praeceptum
1479 752 1582 792 haec
1619 763 1780 803 quoque
1818 751 1943 790 thaeis
1982 750 2209 789 dissolvitur
2246 750 2287 787 in
2315 749 2417 799 pede

419 818 590 847 caesura
616 807 817 855 destituto,
846 806 955 857 quod
983 818 1076 846 cum
1103 810 1248 857 poetae
1275 806 1350 846 sibi
1377 806 1635 855 indulserunt,
1669 809 1833 857 quartus
1861 817 1934 856 pes
1973 807 2045 844 aut
2083 804 2192 844 solus
2229 807 2300 843 aut
2336 815 2417 843 una

419 873 513 901 cum
538 862 642 901 thesi
669 862 788 901 tertia
813 862 1058 911 compositus
1087 865 1148 901 oet
1174 874 1256 901 una
1283 873 1385 900 voce
1411 872 1544 911 neque
1571 861 1850 910 semiquinaria
1877 861 2000 899 deoet.

353 915 396 954 3.
425 914 572 955 Omnes
599 916 770 966 legitime
797 916 952 955 solutae
980 919 1020 955 et
1042 927 1152 955 arses
1180 919 1221 956 et
1246 916 1386 956 theses
1403 915 1582 966 partibus
1609 915 1788 955 eiusdem
1808 914 1918 955 vocis
1941 912 2213 954 conficiuntur.
2241 912 2419 962 Denique

418 974 610 1010 accurata
638 982 687 1010 ac
714 971 902 1019 singulari
929 971 1173 1019 quaestione,
1202 974 1301 1020 quot
1328 971 1545 1020 qualesque
1573 970 1696 1020 pedes
1722 970 1877 1009 metrici
1913 968 2182 1020 (anapaestus,
2223 967 2415 1018 dactylus,

420 1023 637 1076 tribachys)
666 1024 831 1064 adhibiti
859 1025 948 1070 sint,
976 1025 1061 1064 aliis
1089 1024 1240 1074 legibus
1268 1025 1439 1072 tertium,
1468 1025 1554 1064 aliis
1583 1027 1770 1074 quartum
1797 1023 2013 1063 obnoxium
2040 1034 2128 1061 esse
2157 1025 2278 1072 patet.

1039 1138 1115 1179 De
1143 1139 1349 1179 senario
1377 1138 1714 1179 Terentiano

1347 1201 1387 1242 1.

1216 1256 1272 1295 de
1300 1256 1524 1295 caesuris.

443 1306 503 1347 Ac
541 1307 711 1359 primum
747 1307 907 1359 quidem
946 1320 1202 1351 caesurarum
1242 1309 1571 1351 Terentianarum
1609 1321 1818 1350 numerum
1856 1308 2132 1358 rationemque
2161 1304 2419 1356 pensantibus

307 1364 415 1402 haec
443 1363 558 1402 nobis
585 1367 679 1402 sunt
707 1364 930 1402 enucleata:
959 1365 1188 1404 Inciduntur
1216 1377 1265 1405 ex
1293 1367 1458 1405 senariis
1499 1393 1503 1398 -

1034 1420 1239 1469 semiquin.
1290 1421 1487 1470 semisept.
1521 1420 1624 1459 med.
1679 1419 1788 1458 nulla
1815 1418 1990 1467 legitima

643 1471 744 1510 And.
794 1472 875 1510 496
905 1485 913 1510 ι
1085 1473 1165 1513 265
1334 1474 1415 1514 207
1557 1473 1606 1513 17
1885 1471 1909 1510 7

650 1527 880 1595 neh—391
913 1551 921 1576 2
1091 1538 1171 1578 229
1346 1538 1424 1578 153
1483 1531 1489 1536 “
1591 1539 1617 1577 6
1895 1528 1919 1575 1·

645 1592 877 1643 Αᾞὲιῖ“536
907 1616 915 1642 ;
1081 1602 1162 1644 267
1342 1603 1422 1645 229
1589 1603 1615 1644 5
1867 1602 1917 1643 12

646 1668 742 1706 Eun.
775 1659 881 1707 ‘590
909 1681 916 1706 2
1088 1668 1169 1708 324
1340 1669 1423 1710 250
1598 1669 1624 1708 9
1899 1668 1925 1708 6

648 1723 881 1774 Ηιῖ-523
911 1748 919 1773 ι
1091 1735 1172 1774 313
1341 1727 1421 1775 216
1569 1737 1620 1776 10
1870 1725 2056 1773 13—

648 1798 765 1838 Phor.
788 1790 878 1838 *619
908 1812 915 1838 :
1093 1799 1174 1839 333
1340 1801 1422 1840 262
1569 1802 1619 1840 14
1869 1800 1922 1840 10

315 1873 474 1914 Graeca
502 1873 619 1923 igitur
646 1874 826 1923 exempla
854 1875 910 1913 ita
939 1875 1166 1914 Terentium
1195 1876 1391 1915 imitatum
1430 1888 1517 1916 6556
1556 1876 1743 1916 discimus
1782 1876 1844 1915 his
1882 1876 2068 1923 numeris,
2108 1878 2152 1913 ut
2192 1874 2296 1913 duae
2335 1871 2425 1912 illae

316 1928 557 1978 principales
585 1939 787 1975 caesurae,
817 1930 1139 1978 semiquinariam
1163 1931 1251 1969 dico
1281 1934 1321 1969 et
1348 1931 1725 1981 semiseptenarimn,
1754 1941 1893 1969 omnes
1921 1929 2004 1969 fere
2043 1940 2183 1969 versus
2222 1927 2298 1967 sibi
2337 1927 2424 1966 vin-

316 1983 465 2031 dicent,
495 1994 545 2021 cx
572 1982 666 2032 ipsis
695 1986 830 2022 autem
857 1984 1138 2033 semiquinaria
1165 1985 1345 2035 superior
1373 1985 1561 2024 discedat.
1617 1985 1831 2024 Maximam
1857 1996 1954 2024 vero
1983 1988 2143 2034 partem
2164 1984 2347 2022 locorum
2369 1983 2426 2020 ita

317 2040 575 2088 compactam
603 2048 701 2086 esse,
724 2041 769 2076 ut
780 2049 948 2078 caesura
958 2038 1119 2078 nonfiat
1140 2040 1214 2079 nisi
1236 2040 1376 2079 ultima
1397 2040 1508 2080 vocis
1541 2040 1729 2090 longioris
1761 2039 1913 2091 syllaba
1941 2039 2005 2079 vel
2030 2042 2121 2079 toto
2147 2036 2422 2088 monosyllabo

322 2093 459 2141 verbo,
488 2103 590 2142 quae
619 2096 731 2131 extra
760 2104 950 2132 caesurae
978 2094 1111 2133 locum
1138 2095 1372 2144 procedunt,
1401 2095 1563 2135 elisione
1591 2095 1779 2146 praecisis
1808 2098 1929 2144 atque
1956 2095 1998 2133 in
2037 2093 2267 2133 scandendo
2307 2103 2425 2131 versu

320 2147 555 2198 suppressis,
589 2147 693 2186 hanc
735 2159 820 2187 rem
865 2152 909 2187 ut
942 2149 1188 2188 notissimam
1215 2161 1290 2189 nec
1319 2150 1441 2189 semel
1469 2154 1682 2190 tractatam
1695 2149 1725 2175 ’ὅ
1773 2149 1898 2189 fusius
1936 2150 2132 2189 illustrare
2170 2160 2307 2188 meum
2345 2158 2427 2186 non

326 2214 412 2241 esse
440 2202 536 2240 mihi
563 2202 712 2240 videor.

460 2255 659 2296 Caesurae
687 2256 830 2296 deinde
857 2257 1024 2305 mediae,
1053 2268 1156 2307 quae
1183 2262 1361 2306 vocatur,
1390 2271 1484 2298 usus
1508 2271 1600 2297 cum
1623 2257 1785 2298 Graecis
1809 2261 2063 2308 comparatus
2085 2257 2215 2295 minus
2238 2255 2426 2305 trequens

320 2322 416 2351 6556
443 2311 635 2358 videatur,
663 2321 784 2360 quam
811 2314 855 2349 ut
893 2311 996 2351 haec
1033 2312 1171 2352 incisio
1211 2313 1318 2364 apud
1357 2312 1585 2353 Terentium
1623 2324 1705 2352 non
1745 2312 1835 2352 dico
1874 2313 1977 2352 inter
2015 2311 2224 2362 primarias
2262 2309 2335 2350 sed
2373 2321 2426 2349 ne

329 2366 498 2406 vicarias
526 2366 687 2416 quidem
714 2365 852 2404 haberi
879 2368 1013 2415 possit.
1069 2367 1171 2405 Nam
1198 2368 1386 2407 exhibent

593 2418 746 2459 Comici
772 2420 906 2470 graeci
933 2421 1035 2460 inter
1065 2420 1172 2461 1780
1199 2422 1376 2462 senarios
1404 2420 1458 2462 95
1487 2432 1590 2462 caes.
1618 2421 1720 2462 med.

593 2474 801 2514 Terentius
968 2506 988 2523 „
1066 2475 1175 2515 3305
1286 2507 1308 2525 „
1402 2476 1455 2516 65
1522 2506 1543 2524 ‚,

329 2526 484 2564 incisos.
540 2526 678 2577 Neque
705 2532 839 2568 tamen
874 2530 942 2579 qui
979 2530 1072 2569 solis
1110 2532 1286 2570 numeris
1323 2530 1447 2570 fretus
1485 2531 1671 2581 nisusque
1710 2530 1803 2570 talia
1842 2530 2001 2579 iudicat,
2039 2527 2251 2580 improvidi
2289 2527 2427 2567 iudicis

325 2580 490 2620 nomine
518 2581 723 2631 indignum
750 2583 919 2631 duxeris,
949 2585 1138 2633 quoniam
1165 2586 1267 2624 haec
1294 2587 1473 2634 paucitas
1500 2585 1592 2624 inde
1620 2586 1811 2633 originem
1839 2585 1961 2633 duxit,
1988 2585 2096 2623 unde
2118 2584 2274 2622 illarum
2297 2583 2427 2620 multi-

330 2634 428 2674 tudo
457 2638 548 2674 ortu
576 2640 636 2675 est
663 2637 737 2686 vel,
765 2640 810 2676 ut
837 2637 981 2677 clarius
1008 2649 1095 2678 rem
1123 2639 1315 2688 definiam,
1344 2650 1425 2679 non
1463 2641 1607 2690 poetae
1645 2639 1839 2679 voluntati
1877 2650 1927 2678 ac
1964 2638 2110 2687 studio,
2149 2636 2222 2678 sed
2259 2639 2428 2676 naturae

321 2701 381 2730 ac
397 2690 542 2730 rationi
555 2692 759 2742 utriusque
780 2693 937 2742 linguae
958 2694 1142 2744 imputari
1164 2694 1292 2734 debet.
1347 2693 1493 2734 Omnes
1521 2694 1627 2733 enim
1644 2694 1735 2743 loci,
1755 2704 1926 2744 quorum
1951 2694 2091 2733 incisio
2112 2692 2245 2732 media
2266 2692 2430 2731 elisione

330 2744 530 2796 obtegitur
565 2749 610 2786 ut
636 2746 738 2787 And.
765 2747 791 2787 1.
828 2765 853 2788 ι.
882 2765 895 2788 ι
935 2748 988 2789 ad
1015 2749 1378 2800 semiseptenariam
1403 2753 1496 2789 sunt
1521 2747 1729 2798 referendi,
1757 2749 1822 2789 cui
1848 2750 1907 2790 rei
1944 2749 2192 2790 imbecillitas
2231 2747 2432 2798 quaedam

332 2811 381 2840 ac
416 2800 640 2841 volubilitas
678 2803 907 2842 ultimarum
943 2815 1090 2843 vocum
1116 2804 1357 2855 syllabarum
1388 2805 1532 2843 mirum
1571 2808 1764 2854 quantum
1801 2804 1920 2844 favet,
1981 2803 2273 2844 Praetermissis
2311 2802 2433 2851 igitur

321 2854 515 2895 vomnibus
554 2856 747 2897 eiusmodi
774 2858 953 2897 versibus
981 2858 1083 2898 haec
1109 2863 1260 2899 restant
1287 2859 1394 2909 apud
1422 2858 1650 2899 Terentium
1677 2859 1868 2909 exempla.

363 2909 397 2948 1.
425 2909 526 2949 And.
554 2910 656 2951 Prol.
684 2924 719 2950 v.
749 2912 790 2950 8:
819 2912 944 2960 Nunc,
973 2923 1094 2963 quam
1120 2925 1206 2953 rem
1232 2914 1326 2965 vitio
1354 2913 1460 2961 dent,
1488 2911 1498 2965 Ι
1526 2924 1677 2963 quaeso
1704 2914 1883 2954 animum
1910 2912 2111 2953 attendite.

360 2963 397 3002 2.
454 2994 474 3012 ‚,
558 2976 594 3004 ν.
622 2966 687 3005 44.
716 2965 836 3015 Quasi
865 2979 914 3006 ex
942 2967 1183 3017 probratiost
1210 2964 1220 3019 Ι
1247 2968 1469 3007 immemori
1496 2967 1672 3007 benefici.

360 3016 397 3056 3.
455 3049 476 3066 ‚,
559 3031 595 3058 v.
624 3019 678 3059 45
707 3020 809 3069 Quin
835 3024 880 3059 tu
907 3033 987 3060 uno
1015 3022 1138 3061 verbo
1168 3022 1243 3070 dic,
1272 3020 1281 3072 Ι
1310 3022 1405 3071 quid
1433 3026 1493 3061 est
1521 3022 1629 3071 quod
1657 3035 1722 3062 me
1750 3023 1857 3062 velis.

360 3070 397 3110 4.
454 3103 476 3121 ,‚
532 3072 587 3114 64
642 3073 790 3115 Eomm
817 3074 983 3126 obsequi
1010 3076 1150 3116 studiis
1177 3073 1187 3128 Ι
1215 3076 1406 3117 adversus
1434 3077 1603 3125 nemini,
1863 3075 1869 3081 ⁴

321 3153 376 3186 '35
398 3154 441 3188 cf.
461 3155 574 3191 Christ
594 3156 721 3192 Metrik
743 3168 775 3201 p.
797 3159 873 3193 836.
916 3156 1075 3201 Gonndt,
1098 3158 1256 3201 Dmtzko,
1277 3158 1434 3203 Spengel.
