2810 3529
1128 230 1421 305 -ιψι
1468 256 1516 267 -

394 342 491 387 Ειιιι.
522 341 602 387 145
629 343 643 400 Ι
669 355 794 402 quam
821 347 992 391 obrem
1020 348 1188 419 Q

392 418 1135 497 Ht3601meriwteamo(hiat..)

398 520 452 526 —
481 499 564 540 487
590 499 606 556 Ι
632 499 705 539 ibit
733 498 787 538 ad
720 478 920 568 Willud.

397 561 666 617 —781
588 576 602 631 Ι
629 579 670 617 ιιι
698 579 935 626 perpetuom
962 579 1007 614 ut
1034 576 1153 617 illam.

395 650 561 692 —822
596 648 609 704 Ι
647 653 726 692 iam
715 633 955 700 *argentum
983 651 1037 692 ad
1055 662 1157 693 eam.

966 704 1073 722 W

395 726 497 768 And.
526 727 608 789 408
636 724 649 780 Ι
674 728 791 780 proin
820 730 864 767 tu
892 725 956 768 fac
958 731 1105 801 apud.

395 825 449 833 —-
476 804 558 844 417
582 803 599 859 Ι
623 805 779 856 respice
805 804 859 843 ad
879 814 982 846 eum.

795 856 903 872 W

396 879 490 920 Hec.
522 879 598 919 181
627 876 640 932 Ι
665 880 886 933 siquando
893 885 947 925 ad
965 895 1065 925 eam.

257 954 389 997 Semel
417 958 574 995 tantum
602 956 704 996 haec
731 958 878 998 solutio
906 959 1023 999 nobis
1051 961 1225 1000 occurrit
1252 961 1293 1000 in
1320 972 1439 1000 versu
1466 960 1643 1001 incertae
1670 971 1883 1001 caesurae:

395 1023 489 1063 Hec.
518 1021 600 1063 206
629 1021 689 1063 Tu
716 1023 876 1065 nescis?
904 1023 1006 1074 Non,
1035 1025 1092 1065 ita
1118 1021 1183 1065 me
1212 1025 1251 1064 di
1279 1025 1382 1065 bene
1401 1028 1548 1066 ament,

1316 1078 1423 1094 vv

393 1111 529 1161 Longe
557 1111 672 1152 aliter
698 1112 817 1161 igitur
844 1115 966 1163 atque
984 1111 1160 1152 Graecos
1188 1112 1369 1151 videmus
1396 1115 1578 1151 nostrum
1605 1122 1849 1162 componere
1876 1112 1984 1153 hanc
2002 1113 2158 1162 thesim,
2186 1112 2255 1164 qui
2282 1114 2372 1151 tan-

256 1169 342 1207 tum
370 1166 496 1216 abest,
537 1170 582 1207 ut
609 1166 817 1207 solutionis
858 1167 1018 1218 syllabis
1060 1168 1127 1208 uni
1164 1168 1255 1207 voci
1282 1166 1502 1207 tribuendis
1530 1177 1696 1217 operam
1724 1166 1803 1216 det,
1846 1170 1890 1207 ut
1917 1169 2133 1209 sescenties
2160 1168 2264 1207 inter
2291 1166 2372 1207 duo

256 1221 456 1261 vocabula
483 1221 647 1262 disiciat.
703 1221 835 1272 Atque
863 1222 903 1261 iu
931 1222 1160 1262 universum
1187 1221 1297 1262 nulla
1324 1221 1402 1261 alia
1429 1232 1473 1261 re
1500 1220 1731 1261 Terentium
1758 1220 1885 1271 magis
1905 1232 1934 1262 a
1953 1219 2199 1263 Graecorum
2224 1222 2373 1262 severi-

254 1280 339 1317 tate
367 1276 588 1316 declinasse
616 1288 737 1328 quam
765 1277 915 1327 pedum
941 1278 1163 1317 solutorum
1191 1289 1266 1316 usu
1294 1288 1343 1316 ac
1363 1277 1517 1315 ratione
1537 1279 1578 1315 et
1600 1287 1673 1326 per
1696 1287 1741 1315 se
1768 1276 2020 1317 notissimum
2047 1280 2108 1317 eet
2130 1280 2172 1318 et
2190 1279 2278 1316 tota
2295 1276 2373 1315 hac

255 1331 524 1383 disputatione
551 1332 609 1372 ita
636 1331 769 1380 eluxit,
797 1335 842 1371 ut
870 1332 1103 1382 quaestione
1131 1333 1213 1374 (cui
1242 1332 1322 1371 iam
1344 1331 1524 1371 laborem
1545 1330 1746 1381 impertire
1769 1334 1950 1373 nostrum
1977 1331 2068 1383 est),
2096 1331 2192 1383 quid
2218 1331 2373 1372 intersit

254 1387 362 1437 apud
390 1389 572 1426 nostrum
600 1387 704 1426 inter
732 1386 943 1437 tribrachi,
963 1388 1182 1437 anapaesti,
1211 1387 1357 1437 dactyli
1385 1397 1502 1425 usum
1525 1386 1563 1425 in
1598 1396 1787 1436 praesens
1810 1386 2071 1436 supersedere
2098 1386 2214 1427 nobis
2242 1386 2370 1426 liceat

391 1440 475 1481 lam
516 1441 569 1481 ad
611 1440 731 1481 finem
772 1417 964 1481 orationis
1005 1442 1259 1492 pervenimus
1287 1444 1408 1491 atque
1449 1439 1686 1480 revertimur
1727 1440 1780 1479 ad
1808 1440 1859 1488 id,
1899 1441 2006 1481 unde
2047 1441 2196 1490 egressi
2223 1452 2371 1479 sumus.

253 1495 428 1546 Reliquis
456 1495 563 1535 enim
583 1495 776 1535 omnibus
817 1495 948 1544 rebus,
991 1507 1092 1547 quas
1135 1499 1330 1548 quantum
1368 1494 1474 1534 vires
1516 1493 1705 1534 valebant
1746 1497 1867 1546 atque
1910 1499 2068 1547 tempus
2095 1497 2256 1546 praesto
2285 1497 2373 1535 erat

252 1554 443 1590 accurate
470 1550 660 1599 indagare
688 1562 738 1589 ac
775 1550 971 1589 disserere
998 1551 1269 1598 studebamus,
1311 1551 1408 1588 satis
1451 1550 1747 1588 demonstrasse
1789 1550 1904 1589 nobis
1932 1550 2114 1589 videmur
2142 1550 2371 1589 Terentium

254 1604 358 1645 adeo
387 1603 633 1645 Graecorum
661 1605 827 1655 vestigia
855 1605 896 1644 in
923 1604 1105 1644 versibus
1132 1604 1325 1654 fingendis
1353 1604 1554 1654 pressisse,
1583 1607 1638 1652 ut,
1666 1603 1894 1654 ubicunque
1921 1605 2078 1644 illorum
2104 1605 2212 1654 leges
2239 1603 2373 1644 laesae

252 1659 449 1708 videntur,
476 1659 609 1710 potins
637 1660 774 1699 vitium
793 1659 1045 1699 librariorum
1071 1660 1135 1699 vel
1158 1659 1355 1699 editorum
1375 1669 1497 1709 quam
1516 1659 1718 1721 propriam
1737 1662 1882 1709 poetae
1904 1659 2101 1699 rationem
2124 1656 2213 1710 (seu
2233 1670 2371 1698 veram

251 1726 324 1753 seu
366 1713 525 1766 falsam)
574 1714 717 1753 adaese
756 1715 832 1753 rati
872 1714 1099 1765 depravatis
1141 1713 1239 1752 locis
1281 1714 1456 1763 diligenti
1502 1714 1747 1752 comicorum
1789 1724 2027 1763 graecorum
2066 1714 2370 1765 comparatione

251 1769 398 1824 auxilio
439 1769 682 1810 veniendum
724 1780 812 1809 esse
865 1780 1100 1820 persuasum
1152 1768 1383 1810 habeamus
1463 1768 1506 1808 ld
1544 1768 1706 1818 singulis
1760 1768 1858 1809 locis
1914 1769 2191 1825 temptandum
2247 1773 2372 1819 atque

251 1816 596 1893 comprobandum
624 1818 710 1864 aliis
737 1835 809 1864 seu
837 1823 1083 1874 temporibus
1110 1834 1183 1863 seu
1212 1822 1466 1864 facultatibus
1494 1823 1717 1874 linquimus.

1838 2048 2254 2127 samam.
2285 1995 2288 1999 ⁸
